{"trade_hash": "2026-04-27T14:00:08.093723+00:00:DOGEUSDT:BUY:136.07388993069708", "ts": "2026-04-27T14:00:08.093723+00:00", "symbol": "DOGEUSDT", "side": "BUY", "qty": 136.07388993069708, "price": 0.0, "result": "UNKNOWN", "error_category": "LOW_NOTIONAL", "error_reason": "Notional below $5 minimum", "logged_at": "2026-05-05T11:11:51.825469+00:00"}
{"trade_hash": "2026-04-27T14:15:04.220244+00:00:ETHUSDT:BUY:0.005769211193114056", "ts": "2026-04-27T14:15:04.220244+00:00", "symbol": "ETHUSDT", "side": "BUY", "qty": 0.005769211193114056, "price": 0.0, "result": "UNKNOWN", "error_category": "LOW_NOTIONAL", "error_reason": "Notional below $5 minimum", "logged_at": "2026-05-05T11:11:51.825502+00:00"}
{"trade_hash": "2026-04-27T14:15:07.005217+00:00:DOGEUSDT:BUY:135.8523614163614", "ts": "2026-04-27T14:15:07.005217+00:00", "symbol": "DOGEUSDT", "side": "BUY", "qty": 135.8523614163614, "price": 0.0, "result": "UNKNOWN", "error_category": "LOW_NOTIONAL", "error_reason": "Notional below $5 minimum", "logged_at": "2026-05-05T11:11:51.825516+00:00"}
{"trade_hash": "2026-04-27T14:15:09.285963+00:00:SUIUSDT:BUY:14.34264698678698", "ts": "2026-04-27T14:15:09.285963+00:00", "symbol": "SUIUSDT", "side": "BUY", "qty": 14.34264698678698, "price": 0.0, "result": "UNKNOWN", "error_category": "LOW_NOTIONAL", "error_reason": "Notional below $5 minimum", "logged_at": "2026-05-05T11:11:51.825528+00:00"}
{"trade_hash": "2026-04-27T14:30:06.114388+00:00:DOGEUSDT:BUY:135.65911481406218", "ts": "2026-04-27T14:30:06.114388+00:00", "symbol": "DOGEUSDT", "side": "BUY", "qty": 135.65911481406218, "price": 0.0, "result": "UNKNOWN", "error_category": "LOW_NOTIONAL", "error_reason": "Notional below $5 minimum", "logged_at": "2026-05-05T11:11:51.825539+00:00"}
{"trade_hash": "2026-04-27T14:30:08.023326+00:00:SUIUSDT:BUY:14.32725622920914", "ts": "2026-04-27T14:30:08.023326+00:00", "symbol": "SUIUSDT", "side": "BUY", "qty": 14.32725622920914, "price": 0.0, "result": "UNKNOWN", "error_category": "LOW_NOTIONAL", "error_reason": "Notional below $5 minimum", "logged_at": "2026-05-05T11:11:51.825550+00:00"}
{"trade_hash": "2026-04-27T14:45:04.180517+00:00:ETHUSDT:BUY:0.005739401659287279", "ts": "2026-04-27T14:45:04.180517+00:00", "symbol": "ETHUSDT", "side": "BUY", "qty": 0.005739401659287279, "price": 0.0, "result": "UNKNOWN", "error_category": "LOW_NOTIONAL", "error_reason": "Notional below $5 minimum", "logged_at": "2026-05-05T11:11:51.825562+00:00"}
{"trade_hash": "2026-04-27T14:45:05.121028+00:00:SOLUSDT:BUY:0.15604920617110796", "ts": "2026-04-27T14:45:05.121028+00:00", "symbol": "SOLUSDT", "side": "BUY", "qty": 0.15604920617110796, "price": 0.0, "result": "UNKNOWN", "error_category": "LOW_NOTIONAL", "error_reason": "Notional below $5 minimum", "logged_at": "2026-05-05T11:11:51.825590+00:00"}
{"trade_hash": "2026-04-27T14:45:06.124260+00:00:XRPUSDT:BUY:9.470541977585473", "ts": "2026-04-27T14:45:06.124260+00:00", "symbol": "XRPUSDT", "side": "BUY", "qty": 9.470541977585473, "price": 0.0, "result": "UNKNOWN", "error_category": "LOW_NOTIONAL", "error_reason": "Notional below $5 minimum", "logged_at": "2026-05-05T11:11:51.825608+00:00"}
{"trade_hash": "2026-04-27T14:45:07.104107+00:00:DOGEUSDT:BUY:134.67389630825093", "ts": "2026-04-27T14:45:07.104107+00:00", "symbol": "DOGEUSDT", "side": "BUY", "qty": 134.67389630825093, "price": 0.0, "result": "UNKNOWN", "error_category": "LOW_NOTIONAL", "error_reason": "Notional below $5 minimum", "logged_at": "2026-05-05T11:11:51.825621+00:00"}
{"trade_hash": "2026-04-27T14:45:09.005331+00:00:SUIUSDT:BUY:14.224984103984657", "ts": "2026-04-27T14:45:09.005331+00:00", "symbol": "SUIUSDT", "side": "BUY", "qty": 14.224984103984657, "price": 0.0, "result": "UNKNOWN", "error_category": "LOW_NOTIONAL", "error_reason": "Notional below $5 minimum", "logged_at": "2026-05-05T11:11:51.825631+00:00"}
{"trade_hash": "2026-04-27T14:45:09.947156+00:00:ADAUSDT:BUY:53.728652233400396", "ts": "2026-04-27T14:45:09.947156+00:00", "symbol": "ADAUSDT", "side": "BUY", "qty": 53.728652233400396, "price": 0.0, "result": "UNKNOWN", "error_category": "LOW_NOTIONAL", "error_reason": "Notional below $5 minimum", "logged_at": "2026-05-05T11:11:51.825641+00:00"}
{"trade_hash": "2026-04-27T15:00:05.460636+00:00:ETHUSDT:BUY:0.00576761619408014", "ts": "2026-04-27T15:00:05.460636+00:00", "symbol": "ETHUSDT", "side": "BUY", "qty": 0.00576761619408014, "price": 0.0, "result": "UNKNOWN", "error_category": "LOW_NOTIONAL", "error_reason": "Notional below $5 minimum", "logged_at": "2026-05-05T11:11:51.825654+00:00"}
{"trade_hash": "2026-04-27T15:00:06.482232+00:00:SOLUSDT:BUY:0.15665340936290037", "ts": "2026-04-27T15:00:06.482232+00:00", "symbol": "SOLUSDT", "side": "BUY", "qty": 0.15665340936290037, "price": 0.0, "result": "UNKNOWN", "error_category": "LOW_NOTIONAL", "error_reason": "Notional below $5 minimum", "logged_at": "2026-05-05T11:11:51.825664+00:00"}
{"trade_hash": "2026-04-27T15:00:08.531263+00:00:DOGEUSDT:BUY:135.13734898785424", "ts": "2026-04-27T15:00:08.531263+00:00", "symbol": "DOGEUSDT", "side": "BUY", "qty": 135.13734898785424, "price": 0.0, "result": "UNKNOWN", "error_category": "LOW_NOTIONAL", "error_reason": "Notional below $5 minimum", "logged_at": "2026-05-05T11:11:51.825673+00:00"}
{"trade_hash": "2026-04-27T15:00:10.496480+00:00:SUIUSDT:BUY:14.291982530507383", "ts": "2026-04-27T15:00:10.496480+00:00", "symbol": "SUIUSDT", "side": "BUY", "qty": 14.291982530507383, "price": 0.0, "result": "UNKNOWN", "error_category": "LOW_NOTIONAL", "error_reason": "Notional below $5 minimum", "logged_at": "2026-05-05T11:11:51.825708+00:00"}
{"trade_hash": "2026-04-27T15:00:11.445688+00:00:ADAUSDT:BUY:53.88042808716707", "ts": "2026-04-27T15:00:11.445688+00:00", "symbol": "ADAUSDT", "side": "BUY", "qty": 53.88042808716707, "price": 0.0, "result": "UNKNOWN", "error_category": "LOW_NOTIONAL", "error_reason": "Notional below $5 minimum", "logged_at": "2026-05-05T11:11:51.825719+00:00"}
{"trade_hash": "2026-04-27T15:15:05.942543+00:00:DOGEUSDT:BUY:136.08775945367444", "ts": "2026-04-27T15:15:05.942543+00:00", "symbol": "DOGEUSDT", "side": "BUY", "qty": 136.08775945367444, "price": 0.0, "result": "UNKNOWN", "error_category": "LOW_NOTIONAL", "error_reason": "Notional below $5 minimum", "logged_at": "2026-05-05T11:11:51.825728+00:00"}
{"trade_hash": "2026-04-27T15:15:07.969180+00:00:SUIUSDT:BUY:14.39056917439103", "ts": "2026-04-27T15:15:07.969180+00:00", "symbol": "SUIUSDT", "side": "BUY", "qty": 14.39056917439103, "price": 0.0, "result": "UNKNOWN", "error_category": "LOW_NOTIONAL", "error_reason": "Notional below $5 minimum", "logged_at": "2026-05-05T11:11:51.825740+00:00"}
{"trade_hash": "2026-04-27T15:30:03.453972+00:00:TRUMPUSDT:SELL:3.860136", "ts": "2026-04-27T15:30:03.453972+00:00", "symbol": "TRUMPUSDT", "side": "SELL", "qty": 3.860136, "price": 0.0, "result": "UNKNOWN", "error_category": "LOW_NOTIONAL", "error_reason": "Notional below $5 minimum", "logged_at": "2026-05-05T11:11:51.825749+00:00"}
{"trade_hash": "2026-04-27T15:30:07.066136+00:00:DOGEUSDT:BUY:136.9953835419659", "ts": "2026-04-27T15:30:07.066136+00:00", "symbol": "DOGEUSDT", "side": "BUY", "qty": 136.9953835419659, "price": 0.0, "result": "UNKNOWN", "error_category": "LOW_NOTIONAL", "error_reason": "Notional below $5 minimum", "logged_at": "2026-05-05T11:11:51.825758+00:00"}
{"trade_hash": "2026-04-27T15:45:05.815799+00:00:DOGEUSDT:BUY:151.7033902525408", "ts": "2026-04-27T15:45:05.815799+00:00", "symbol": "DOGEUSDT", "side": "BUY", "qty": 151.7033902525408, "price": 0.0, "result": "UNKNOWN", "error_category": "LOW_NOTIONAL", "error_reason": "Notional below $5 minimum", "logged_at": "2026-05-05T11:11:51.825767+00:00"}
{"trade_hash": "2026-04-27T16:15:06.271112+00:00:DOGEUSDT:BUY:151.7033902525408", "ts": "2026-04-27T16:15:06.271112+00:00", "symbol": "DOGEUSDT", "side": "BUY", "qty": 151.7033902525408, "price": 0.0, "result": "UNKNOWN", "error_category": "LOW_NOTIONAL", "error_reason": "Notional below $5 minimum", "logged_at": "2026-05-05T11:11:51.825779+00:00"}
{"trade_hash": "2026-04-27T16:30:05.946243+00:00:DOGEUSDT:BUY:151.6878181533566", "ts": "2026-04-27T16:30:05.946243+00:00", "symbol": "DOGEUSDT", "side": "BUY", "qty": 151.6878181533566, "price": 0.0, "result": "UNKNOWN", "error_category": "LOW_NOTIONAL", "error_reason": "Notional below $5 minimum", "logged_at": "2026-05-05T11:11:51.825788+00:00"}
{"trade_hash": "2026-04-27T16:45:05.436377+00:00:DOGEUSDT:BUY:151.75012573937155", "ts": "2026-04-27T16:45:05.436377+00:00", "symbol": "DOGEUSDT", "side": "BUY", "qty": 151.75012573937155, "price": 0.0, "result": "UNKNOWN", "error_category": "LOW_NOTIONAL", "error_reason": "Notional below $5 minimum", "logged_at": "2026-05-05T11:11:51.825796+00:00"}
{"trade_hash": "2026-04-27T17:15:06.445516+00:00:DOGEUSDT:BUY:151.2685765636196", "ts": "2026-04-27T17:15:06.445516+00:00", "symbol": "DOGEUSDT", "side": "BUY", "qty": 151.2685765636196, "price": 0.0, "result": "UNKNOWN", "error_category": "LOW_NOTIONAL", "error_reason": "Notional below $5 minimum", "logged_at": "2026-05-05T11:11:51.825808+00:00"}
{"trade_hash": "2026-04-27T17:30:07.331582+00:00:DOGEUSDT:BUY:150.99036726780423", "ts": "2026-04-27T17:30:07.331582+00:00", "symbol": "DOGEUSDT", "side": "BUY", "qty": 150.99036726780423, "price": 0.0, "result": "UNKNOWN", "error_category": "LOW_NOTIONAL", "error_reason": "Notional below $5 minimum", "logged_at": "2026-05-05T11:11:51.825817+00:00"}
{"trade_hash": "2026-04-27T17:30:09.610140+00:00:SUIUSDT:BUY:15.96351652209139", "ts": "2026-04-27T17:30:09.610140+00:00", "symbol": "SUIUSDT", "side": "BUY", "qty": 15.96351652209139, "price": 0.0, "result": "UNKNOWN", "error_category": "LOW_NOTIONAL", "error_reason": "Notional below $5 minimum", "logged_at": "2026-05-05T11:11:51.825825+00:00"}
{"trade_hash": "2026-04-27T17:45:06.923657+00:00:DOGEUSDT:BUY:150.80546223594246", "ts": "2026-04-27T17:45:06.923657+00:00", "symbol": "DOGEUSDT", "side": "BUY", "qty": 150.80546223594246, "price": 0.0, "result": "UNKNOWN", "error_category": "LOW_NOTIONAL", "error_reason": "Notional below $5 minimum", "logged_at": "2026-05-05T11:11:51.825834+00:00"}
{"trade_hash": "2026-04-27T17:45:09.175126+00:00:SUIUSDT:BUY:15.932536112668464", "ts": "2026-04-27T17:45:09.175126+00:00", "symbol": "SUIUSDT", "side": "BUY", "qty": 15.932536112668464, "price": 0.0, "result": "UNKNOWN", "error_category": "LOW_NOTIONAL", "error_reason": "Notional below $5 minimum", "logged_at": "2026-05-05T11:11:51.825843+00:00"}
{"trade_hash": "2026-04-27T18:00:07.365165+00:00:DOGEUSDT:BUY:151.2376138010439", "ts": "2026-04-27T18:00:07.365165+00:00", "symbol": "DOGEUSDT", "side": "BUY", "qty": 151.2376138010439, "price": 0.0, "result": "UNKNOWN", "error_category": "LOW_NOTIONAL", "error_reason": "Notional below $5 minimum", "logged_at": "2026-05-05T11:11:51.825852+00:00"}
{"trade_hash": "2026-04-27T18:00:10.042655+00:00:SUIUSDT:BUY:15.977324299383715", "ts": "2026-04-27T18:00:10.042655+00:00", "symbol": "SUIUSDT", "side": "BUY", "qty": 15.977324299383715, "price": 0.0, "result": "UNKNOWN", "error_category": "LOW_NOTIONAL", "error_reason": "Notional below $5 minimum", "logged_at": "2026-05-05T11:11:51.825861+00:00"}
{"trade_hash": "2026-04-27T18:15:07.264157+00:00:DOGEUSDT:BUY:151.11388940075673", "ts": "2026-04-27T18:15:07.264157+00:00", "symbol": "DOGEUSDT", "side": "BUY", "qty": 151.11388940075673, "price": 0.0, "result": "UNKNOWN", "error_category": "LOW_NOTIONAL", "error_reason": "Notional below $5 minimum", "logged_at": "2026-05-05T11:11:51.825870+00:00"}
{"trade_hash": "2026-04-27T18:15:09.732156+00:00:SUIUSDT:BUY:15.968691640912038", "ts": "2026-04-27T18:15:09.732156+00:00", "symbol": "SUIUSDT", "side": "BUY", "qty": 15.968691640912038, "price": 0.0, "result": "UNKNOWN", "error_category": "LOW_NOTIONAL", "error_reason": "Notional below $5 minimum", "logged_at": "2026-05-05T11:11:51.825883+00:00"}
{"trade_hash": "2026-04-27T18:30:07.445748+00:00:DOGEUSDT:BUY:150.99036726780423", "ts": "2026-04-27T18:30:07.445748+00:00", "symbol": "DOGEUSDT", "side": "BUY", "qty": 150.99036726780423, "price": 0.0, "result": "UNKNOWN", "error_category": "LOW_NOTIONAL", "error_reason": "Notional below $5 minimum", "logged_at": "2026-05-05T11:11:51.825893+00:00"}
{"trade_hash": "2026-04-27T18:30:09.844177+00:00:SUIUSDT:BUY:15.973870116203653", "ts": "2026-04-27T18:30:09.844177+00:00", "symbol": "SUIUSDT", "side": "BUY", "qty": 15.973870116203653, "price": 0.0, "result": "UNKNOWN", "error_category": "LOW_NOTIONAL", "error_reason": "Notional below $5 minimum", "logged_at": "2026-05-05T11:11:51.825905+00:00"}
{"trade_hash": "2026-04-27T18:45:07.450338+00:00:DOGEUSDT:BUY:150.92868189663977", "ts": "2026-04-27T18:45:07.450338+00:00", "symbol": "DOGEUSDT", "side": "BUY", "qty": 150.92868189663977, "price": 0.0, "result": "UNKNOWN", "error_category": "LOW_NOTIONAL", "error_reason": "Notional below $5 minimum", "logged_at": "2026-05-05T11:11:51.825914+00:00"}
{"trade_hash": "2026-04-27T18:45:10.003126+00:00:SUIUSDT:BUY:15.954898774022888", "ts": "2026-04-27T18:45:10.003126+00:00", "symbol": "SUIUSDT", "side": "BUY", "qty": 15.954898774022888, "price": 0.0, "result": "UNKNOWN", "error_category": "LOW_NOTIONAL", "error_reason": "Notional below $5 minimum", "logged_at": "2026-05-05T11:11:51.825923+00:00"}
{"trade_hash": "2026-04-27T18:45:10.928918+00:00:ADAUSDT:BUY:60.11972027868186", "ts": "2026-04-27T18:45:10.928918+00:00", "symbol": "ADAUSDT", "side": "BUY", "qty": 60.11972027868186, "price": 0.0, "result": "UNKNOWN", "error_category": "LOW_NOTIONAL", "error_reason": "Notional below $5 minimum", "logged_at": "2026-05-05T11:11:51.825931+00:00"}
{"trade_hash": "2026-04-27T19:00:08.130279+00:00:DOGEUSDT:BUY:151.06754492435084", "ts": "2026-04-27T19:00:08.130279+00:00", "symbol": "DOGEUSDT", "side": "BUY", "qty": 151.06754492435084, "price": 0.0, "result": "UNKNOWN", "error_category": "LOW_NOTIONAL", "error_reason": "Notional below $5 minimum", "logged_at": "2026-05-05T11:11:51.825941+00:00"}
{"trade_hash": "2026-04-27T19:15:05.703672+00:00:SOLUSDT:BUY:0.17496361880771966", "ts": "2026-04-27T19:15:05.703672+00:00", "symbol": "SOLUSDT", "side": "BUY", "qty": 0.17496361880771966, "price": 0.0, "result": "UNKNOWN", "error_category": "LOW_NOTIONAL", "error_reason": "Notional below $5 minimum", "logged_at": "2026-05-05T11:11:51.825954+00:00"}
{"trade_hash": "2026-04-27T19:15:07.090953+00:00:DOGEUSDT:BUY:150.71317944416114", "ts": "2026-04-27T19:15:07.090953+00:00", "symbol": "DOGEUSDT", "side": "BUY", "qty": 150.71317944416114, "price": 0.0, "result": "UNKNOWN", "error_category": "LOW_NOTIONAL", "error_reason": "Notional below $5 minimum", "logged_at": "2026-05-05T11:11:51.825963+00:00"}
{"trade_hash": "2026-04-27T19:30:06.069870+00:00:DOGEUSDT:BUY:151.47014395756457", "ts": "2026-04-27T19:30:06.069870+00:00", "symbol": "DOGEUSDT", "side": "BUY", "qty": 151.47014395756457, "price": 0.0, "result": "UNKNOWN", "error_category": "LOW_NOTIONAL", "error_reason": "Notional below $5 minimum", "logged_at": "2026-05-05T11:11:51.825972+00:00"}
{"trade_hash": "2026-04-27T19:45:06.332223+00:00:DOGEUSDT:BUY:151.11388940075673", "ts": "2026-04-27T19:45:06.332223+00:00", "symbol": "DOGEUSDT", "side": "BUY", "qty": 151.11388940075673, "price": 0.0, "result": "UNKNOWN", "error_category": "LOW_NOTIONAL", "error_reason": "Notional below $5 minimum", "logged_at": "2026-05-05T11:11:51.825981+00:00"}
{"trade_hash": "2026-04-27T20:00:07.717524+00:00:DOGEUSDT:BUY:150.9749411984062", "ts": "2026-04-27T20:00:07.717524+00:00", "symbol": "DOGEUSDT", "side": "BUY", "qty": 150.9749411984062, "price": 0.0, "result": "UNKNOWN", "error_category": "LOW_NOTIONAL", "error_reason": "Notional below $5 minimum", "logged_at": "2026-05-05T11:11:51.825991+00:00"}
{"trade_hash": "2026-04-27T20:15:06.344774+00:00:DOGEUSDT:BUY:150.8516460238873", "ts": "2026-04-27T20:15:06.344774+00:00", "symbol": "DOGEUSDT", "side": "BUY", "qty": 150.8516460238873, "price": 0.0, "result": "UNKNOWN", "error_category": "LOW_NOTIONAL", "error_reason": "Notional below $5 minimum", "logged_at": "2026-05-05T11:11:51.826004+00:00"}
{"trade_hash": "2026-04-27T20:30:06.642816+00:00:DOGEUSDT:BUY:150.71317944416114", "ts": "2026-04-27T20:30:06.642816+00:00", "symbol": "DOGEUSDT", "side": "BUY", "qty": 150.71317944416114, "price": 0.0, "result": "UNKNOWN", "error_category": "LOW_NOTIONAL", "error_reason": "Notional below $5 minimum", "logged_at": "2026-05-05T11:11:51.826013+00:00"}
{"trade_hash": "2026-04-27T20:30:07.939107+00:00:BNBUSDT:BUY:0.02368481094451212", "ts": "2026-04-27T20:30:07.939107+00:00", "symbol": "BNBUSDT", "side": "BUY", "qty": 0.02368481094451212, "price": 0.0, "result": "UNKNOWN", "error_category": "LOW_NOTIONAL", "error_reason": "Notional below $5 minimum", "logged_at": "2026-05-05T11:11:51.826022+00:00"}
{"trade_hash": "2026-04-27T20:45:06.709268+00:00:DOGEUSDT:BUY:150.60565883102325", "ts": "2026-04-27T20:45:06.709268+00:00", "symbol": "DOGEUSDT", "side": "BUY", "qty": 150.60565883102325, "price": 0.0, "result": "UNKNOWN", "error_category": "LOW_NOTIONAL", "error_reason": "Notional below $5 minimum", "logged_at": "2026-05-05T11:11:51.826033+00:00"}
{"trade_hash": "2026-04-27T20:45:07.924574+00:00:BNBUSDT:BUY:0.023682533485848905", "ts": "2026-04-27T20:45:07.924574+00:00", "symbol": "BNBUSDT", "side": "BUY", "qty": 0.023682533485848905, "price": 0.0, "result": "UNKNOWN", "error_category": "LOW_NOTIONAL", "error_reason": "Notional below $5 minimum", "logged_at": "2026-05-05T11:11:51.826042+00:00"}
{"trade_hash": "2026-04-27T21:00:07.815088+00:00:DOGEUSDT:BUY:150.6824436066075", "ts": "2026-04-27T21:00:07.815088+00:00", "symbol": "DOGEUSDT", "side": "BUY", "qty": 150.6824436066075, "price": 0.0, "result": "UNKNOWN", "error_category": "LOW_NOTIONAL", "error_reason": "Notional below $5 minimum", "logged_at": "2026-05-05T11:11:51.826051+00:00"}
{"trade_hash": "2026-04-27T21:00:09.446217+00:00:BNBUSDT:BUY:0.023687088841246432", "ts": "2026-04-27T21:00:09.446217+00:00", "symbol": "BNBUSDT", "side": "BUY", "qty": 0.023687088841246432, "price": 0.0, "result": "UNKNOWN", "error_category": "LOW_NOTIONAL", "error_reason": "Notional below $5 minimum", "logged_at": "2026-05-05T11:11:51.826060+00:00"}
{"trade_hash": "2026-04-27T21:00:10.915494+00:00:SUIUSDT:BUY:15.987695817916261", "ts": "2026-04-27T21:00:10.915494+00:00", "symbol": "SUIUSDT", "side": "BUY", "qty": 15.987695817916261, "price": 0.0, "result": "UNKNOWN", "error_category": "LOW_NOTIONAL", "error_reason": "Notional below $5 minimum", "logged_at": "2026-05-05T11:11:51.826069+00:00"}
{"trade_hash": "2026-04-27T21:00:11.851465+00:00:ADAUSDT:BUY:60.16867770561889", "ts": "2026-04-27T21:00:11.851465+00:00", "symbol": "ADAUSDT", "side": "BUY", "qty": 60.16867770561889, "price": 0.0, "result": "UNKNOWN", "error_category": "LOW_NOTIONAL", "error_reason": "Notional below $5 minimum", "logged_at": "2026-05-05T11:11:51.826078+00:00"}
{"trade_hash": "2026-04-27T21:15:07.530009+00:00:DOGEUSDT:BUY:150.867046906585", "ts": "2026-04-27T21:15:07.530009+00:00", "symbol": "DOGEUSDT", "side": "BUY", "qty": 150.867046906585, "price": 0.0, "result": "UNKNOWN", "error_category": "LOW_NOTIONAL", "error_reason": "Notional below $5 minimum", "logged_at": "2026-05-05T11:11:51.826087+00:00"}
{"trade_hash": "2026-04-27T21:15:09.748613+00:00:BNBUSDT:BUY:0.023686329493652625", "ts": "2026-04-27T21:15:09.748613+00:00", "symbol": "BNBUSDT", "side": "BUY", "qty": 0.023686329493652625, "price": 0.0, "result": "UNKNOWN", "error_category": "LOW_NOTIONAL", "error_reason": "Notional below $5 minimum", "logged_at": "2026-05-05T11:11:51.826098+00:00"}
{"trade_hash": "2026-04-27T21:15:11.472048+00:00:SUIUSDT:BUY:15.999812954200953", "ts": "2026-04-27T21:15:11.472048+00:00", "symbol": "SUIUSDT", "side": "BUY", "qty": 15.999812954200953, "price": 0.0, "result": "UNKNOWN", "error_category": "LOW_NOTIONAL", "error_reason": "Notional below $5 minimum", "logged_at": "2026-05-05T11:11:51.826107+00:00"}
{"trade_hash": "2026-04-27T21:15:12.778458+00:00:ADAUSDT:BUY:60.19318633197556", "ts": "2026-04-27T21:15:12.778458+00:00", "symbol": "ADAUSDT", "side": "BUY", "qty": 60.19318633197556, "price": 0.0, "result": "UNKNOWN", "error_category": "LOW_NOTIONAL", "error_reason": "Notional below $5 minimum", "logged_at": "2026-05-05T11:11:51.826116+00:00"}
{"trade_hash": "2026-04-27T21:30:07.816047+00:00:DOGEUSDT:BUY:150.65172030278316", "ts": "2026-04-27T21:30:07.816047+00:00", "symbol": "DOGEUSDT", "side": "BUY", "qty": 150.65172030278316, "price": 0.0, "result": "UNKNOWN", "error_category": "LOW_NOTIONAL", "error_reason": "Notional below $5 minimum", "logged_at": "2026-05-05T11:11:51.826139+00:00"}
{"trade_hash": "2026-04-27T21:30:09.505368+00:00:BNBUSDT:BUY:0.023673428029380668", "ts": "2026-04-27T21:30:09.505368+00:00", "symbol": "BNBUSDT", "side": "BUY", "qty": 0.023673428029380668, "price": 0.0, "result": "UNKNOWN", "error_category": "LOW_NOTIONAL", "error_reason": "Notional below $5 minimum", "logged_at": "2026-05-05T11:11:51.826149+00:00"}
{"trade_hash": "2026-04-27T21:30:11.442813+00:00:SUIUSDT:BUY:15.973870116203653", "ts": "2026-04-27T21:30:11.442813+00:00", "symbol": "SUIUSDT", "side": "BUY", "qty": 15.973870116203653, "price": 0.0, "result": "UNKNOWN", "error_category": "LOW_NOTIONAL", "error_reason": "Notional below $5 minimum", "logged_at": "2026-05-05T11:11:51.826160+00:00"}
{"trade_hash": "2026-04-27T21:30:13.134916+00:00:ADAUSDT:BUY:60.14418902930403", "ts": "2026-04-27T21:30:13.134916+00:00", "symbol": "ADAUSDT", "side": "BUY", "qty": 60.14418902930403, "price": 0.0, "result": "UNKNOWN", "error_category": "LOW_NOTIONAL", "error_reason": "Notional below $5 minimum", "logged_at": "2026-05-05T11:11:51.826172+00:00"}
{"trade_hash": "2026-04-27T21:45:06.159175+00:00:SOLUSDT:BUY:0.17500505974064426", "ts": "2026-04-27T21:45:06.159175+00:00", "symbol": "SOLUSDT", "side": "BUY", "qty": 0.17500505974064426, "price": 0.0, "result": "UNKNOWN", "error_category": "LOW_NOTIONAL", "error_reason": "Notional below $5 minimum", "logged_at": "2026-05-05T11:11:51.826182+00:00"}
{"trade_hash": "2026-04-27T21:45:07.656995+00:00:DOGEUSDT:BUY:150.63636334862383", "ts": "2026-04-27T21:45:07.656995+00:00", "symbol": "DOGEUSDT", "side": "BUY", "qty": 150.63636334862383, "price": 0.0, "result": "UNKNOWN", "error_category": "LOW_NOTIONAL", "error_reason": "Notional below $5 minimum", "logged_at": "2026-05-05T11:11:51.826192+00:00"}
{"trade_hash": "2026-04-27T21:45:08.982023+00:00:BNBUSDT:BUY:0.02366774067379919", "ts": "2026-04-27T21:45:08.982023+00:00", "symbol": "BNBUSDT", "side": "BUY", "qty": 0.02366774067379919, "price": 0.0, "result": "UNKNOWN", "error_category": "LOW_NOTIONAL", "error_reason": "Notional below $5 minimum", "logged_at": "2026-05-05T11:11:51.826204+00:00"}
{"trade_hash": "2026-04-27T21:45:10.119712+00:00:NEARUSDT:BUY:10.889776893515107", "ts": "2026-04-27T21:45:10.119712+00:00", "symbol": "NEARUSDT", "side": "BUY", "qty": 10.889776893515107, "price": 0.0, "result": "UNKNOWN", "error_category": "LOW_NOTIONAL", "error_reason": "Notional below $5 minimum", "logged_at": "2026-05-05T11:11:51.826215+00:00"}
{"trade_hash": "2026-04-27T21:45:11.073643+00:00:SUIUSDT:BUY:15.956621579203109", "ts": "2026-04-27T21:45:11.073643+00:00", "symbol": "SUIUSDT", "side": "BUY", "qty": 15.956621579203109, "price": 0.0, "result": "UNKNOWN", "error_category": "LOW_NOTIONAL", "error_reason": "Notional below $5 minimum", "logged_at": "2026-05-05T11:11:51.826225+00:00"}
{"trade_hash": "2026-04-27T21:45:12.010857+00:00:ADAUSDT:BUY:60.09527142944286", "ts": "2026-04-27T21:45:12.010857+00:00", "symbol": "ADAUSDT", "side": "BUY", "qty": 60.09527142944286, "price": 0.0, "result": "UNKNOWN", "error_category": "LOW_NOTIONAL", "error_reason": "Notional below $5 minimum", "logged_at": "2026-05-05T11:11:51.826234+00:00"}
{"trade_hash": "2026-04-27T22:00:11.342021+00:00:DOGEUSDT:BUY:150.8208536895285", "ts": "2026-04-27T22:00:11.342021+00:00", "symbol": "DOGEUSDT", "side": "BUY", "qty": 150.8208536895285, "price": 0.0, "result": "UNKNOWN", "error_category": "LOW_NOTIONAL", "error_reason": "Notional below $5 minimum", "logged_at": "2026-05-05T11:11:51.826244+00:00"}
{"trade_hash": "2026-04-27T22:00:13.082547+00:00:BNBUSDT:BUY:0.0237064686684848", "ts": "2026-04-27T22:00:13.082547+00:00", "symbol": "BNBUSDT", "side": "BUY", "qty": 0.0237064686684848, "price": 0.0, "result": "UNKNOWN", "error_category": "LOW_NOTIONAL", "error_reason": "Notional below $5 minimum", "logged_at": "2026-05-05T11:11:51.826253+00:00"}
{"trade_hash": "2026-04-27T22:00:16.568642+00:00:SUIUSDT:BUY:15.99461764747267", "ts": "2026-04-27T22:00:16.568642+00:00", "symbol": "SUIUSDT", "side": "BUY", "qty": 15.99461764747267, "price": 0.0, "result": "UNKNOWN", "error_category": "LOW_NOTIONAL", "error_reason": "Notional below $5 minimum", "logged_at": "2026-05-05T11:11:51.826261+00:00"}
{"trade_hash": "2026-04-27T22:15:05.411559+00:00:ETHUSDT:BUY:0.006454349689455914", "ts": "2026-04-27T22:15:05.411559+00:00", "symbol": "ETHUSDT", "side": "BUY", "qty": 0.006454349689455914, "price": 0.0, "result": "UNKNOWN", "error_category": "LOW_NOTIONAL", "error_reason": "Notional below $5 minimum", "logged_at": "2026-05-05T11:11:51.826270+00:00"}
{"trade_hash": "2026-04-27T22:15:07.732006+00:00:DOGEUSDT:BUY:150.42169426404723", "ts": "2026-04-27T22:15:07.732006+00:00", "symbol": "DOGEUSDT", "side": "BUY", "qty": 150.42169426404723, "price": 0.0, "result": "UNKNOWN", "error_category": "LOW_NOTIONAL", "error_reason": "Notional below $5 minimum", "logged_at": "2026-05-05T11:11:51.826279+00:00"}
{"trade_hash": "2026-04-27T22:15:09.672516+00:00:BNBUSDT:BUY:0.023682913031876533", "ts": "2026-04-27T22:15:09.672516+00:00", "symbol": "BNBUSDT", "side": "BUY", "qty": 0.023682913031876533, "price": 0.0, "result": "UNKNOWN", "error_category": "LOW_NOTIONAL", "error_reason": "Notional below $5 minimum", "logged_at": "2026-05-05T11:11:51.826292+00:00"}
{"trade_hash": "2026-04-27T22:15:11.292109+00:00:NEARUSDT:BUY:10.897807702433628", "ts": "2026-04-27T22:15:11.292109+00:00", "symbol": "NEARUSDT", "side": "BUY", "qty": 10.897807702433628, "price": 0.0, "result": "UNKNOWN", "error_category": "LOW_NOTIONAL", "error_reason": "Notional below $5 minimum", "logged_at": "2026-05-05T11:11:51.826301+00:00"}
{"trade_hash": "2026-04-27T22:15:13.123988+00:00:SUIUSDT:BUY:15.954898774022888", "ts": "2026-04-27T22:15:13.123988+00:00", "symbol": "SUIUSDT", "side": "BUY", "qty": 15.954898774022888, "price": 0.0, "result": "UNKNOWN", "error_category": "LOW_NOTIONAL", "error_reason": "Notional below $5 minimum", "logged_at": "2026-05-05T11:11:51.826310+00:00"}
{"trade_hash": "2026-04-27T22:15:14.671300+00:00:ADAUSDT:BUY:60.09527142944286", "ts": "2026-04-27T22:15:14.671300+00:00", "symbol": "ADAUSDT", "side": "BUY", "qty": 60.09527142944286, "price": 0.0, "result": "UNKNOWN", "error_category": "LOW_NOTIONAL", "error_reason": "Notional below $5 minimum", "logged_at": "2026-05-05T11:11:51.826323+00:00"}
{"trade_hash": "2026-04-27T22:30:05.850109+00:00:ETHUSDT:BUY:0.006446690912640419", "ts": "2026-04-27T22:30:05.850109+00:00", "symbol": "ETHUSDT", "side": "BUY", "qty": 0.006446690912640419, "price": 0.0, "result": "UNKNOWN", "error_category": "LOW_NOTIONAL", "error_reason": "Notional below $5 minimum", "logged_at": "2026-05-05T11:11:51.826333+00:00"}
{"trade_hash": "2026-04-27T22:30:07.962093+00:00:XRPUSDT:BUY:10.596176139753334", "ts": "2026-04-27T22:30:07.962093+00:00", "symbol": "XRPUSDT", "side": "BUY", "qty": 10.596176139753334, "price": 0.0, "result": "UNKNOWN", "error_category": "LOW_NOTIONAL", "error_reason": "Notional below $5 minimum", "logged_at": "2026-05-05T11:11:51.826342+00:00"}
{"trade_hash": "2026-04-27T22:30:09.510964+00:00:DOGEUSDT:BUY:150.0398745507158", "ts": "2026-04-27T22:30:09.510964+00:00", "symbol": "DOGEUSDT", "side": "BUY", "qty": 150.0398745507158, "price": 0.0, "result": "UNKNOWN", "error_category": "LOW_NOTIONAL", "error_reason": "Notional below $5 minimum", "logged_at": "2026-05-05T11:11:51.826351+00:00"}
{"trade_hash": "2026-04-27T22:30:11.095171+00:00:BNBUSDT:BUY:0.023655995460875972", "ts": "2026-04-27T22:30:11.095171+00:00", "symbol": "BNBUSDT", "side": "BUY", "qty": 0.023655995460875972, "price": 0.0, "result": "UNKNOWN", "error_category": "LOW_NOTIONAL", "error_reason": "Notional below $5 minimum", "logged_at": "2026-05-05T11:11:51.826360+00:00"}
{"trade_hash": "2026-04-27T22:30:12.376721+00:00:NEARUSDT:BUY:10.889776893515107", "ts": "2026-04-27T22:30:12.376721+00:00", "symbol": "NEARUSDT", "side": "BUY", "qty": 10.889776893515107, "price": 0.0, "result": "UNKNOWN", "error_category": "LOW_NOTIONAL", "error_reason": "Notional below $5 minimum", "logged_at": "2026-05-05T11:11:51.826369+00:00"}
{"trade_hash": "2026-04-27T22:30:13.802384+00:00:SUIUSDT:BUY:15.929101266034278", "ts": "2026-04-27T22:30:13.802384+00:00", "symbol": "SUIUSDT", "side": "BUY", "qty": 15.929101266034278, "price": 0.0, "result": "UNKNOWN", "error_category": "LOW_NOTIONAL", "error_reason": "Notional below $5 minimum", "logged_at": "2026-05-05T11:11:51.826378+00:00"}
{"trade_hash": "2026-04-27T22:30:15.367757+00:00:ADAUSDT:BUY:59.99767456151036", "ts": "2026-04-27T22:30:15.367757+00:00", "symbol": "ADAUSDT", "side": "BUY", "qty": 59.99767456151036, "price": 0.0, "result": "UNKNOWN", "error_category": "LOW_NOTIONAL", "error_reason": "Notional below $5 minimum", "logged_at": "2026-05-05T11:11:51.826387+00:00"}
{"trade_hash": "2026-04-27T22:45:05.489803+00:00:ETHUSDT:BUY:0.00644205381424648", "ts": "2026-04-27T22:45:05.489803+00:00", "symbol": "ETHUSDT", "side": "BUY", "qty": 0.00644205381424648, "price": 0.0, "result": "UNKNOWN", "error_category": "LOW_NOTIONAL", "error_reason": "Notional below $5 minimum", "logged_at": "2026-05-05T11:11:51.826398+00:00"}
{"trade_hash": "2026-04-27T22:45:07.215796+00:00:XRPUSDT:BUY:10.585549602077364", "ts": "2026-04-27T22:45:07.215796+00:00", "symbol": "XRPUSDT", "side": "BUY", "qty": 10.585549602077364, "price": 0.0, "result": "UNKNOWN", "error_category": "LOW_NOTIONAL", "error_reason": "Notional below $5 minimum", "logged_at": "2026-05-05T11:11:51.826408+00:00"}
{"trade_hash": "2026-04-27T22:45:08.679563+00:00:DOGEUSDT:BUY:150.00941269414272", "ts": "2026-04-27T22:45:08.679563+00:00", "symbol": "DOGEUSDT", "side": "BUY", "qty": 150.00941269414272, "price": 0.0, "result": "UNKNOWN", "error_category": "LOW_NOTIONAL", "error_reason": "Notional below $5 minimum", "logged_at": "2026-05-05T11:11:51.826416+00:00"}
{"trade_hash": "2026-04-27T22:45:10.107670+00:00:BNBUSDT:BUY:0.0236450185520905", "ts": "2026-04-27T22:45:10.107670+00:00", "symbol": "BNBUSDT", "side": "BUY", "qty": 0.0236450185520905, "price": 0.0, "result": "UNKNOWN", "error_category": "LOW_NOTIONAL", "error_reason": "Notional below $5 minimum", "logged_at": "2026-05-05T11:11:51.826427+00:00"}
{"trade_hash": "2026-04-27T22:45:11.312982+00:00:NEARUSDT:BUY:10.87375073178808", "ts": "2026-04-27T22:45:11.312982+00:00", "symbol": "NEARUSDT", "side": "BUY", "qty": 10.87375073178808, "price": 0.0, "result": "UNKNOWN", "error_category": "LOW_NOTIONAL", "error_reason": "Notional below $5 minimum", "logged_at": "2026-05-05T11:11:51.826436+00:00"}
{"trade_hash": "2026-04-27T22:45:12.555484+00:00:SUIUSDT:BUY:15.898254162990856", "ts": "2026-04-27T22:45:12.555484+00:00", "symbol": "SUIUSDT", "side": "BUY", "qty": 15.898254162990856, "price": 0.0, "result": "UNKNOWN", "error_category": "LOW_NOTIONAL", "error_reason": "Notional below $5 minimum", "logged_at": "2026-05-05T11:11:51.826456+00:00"}
{"trade_hash": "2026-04-27T22:45:13.819210+00:00:ADAUSDT:BUY:59.92468468978102", "ts": "2026-04-27T22:45:13.819210+00:00", "symbol": "ADAUSDT", "side": "BUY", "qty": 59.92468468978102, "price": 0.0, "result": "UNKNOWN", "error_category": "LOW_NOTIONAL", "error_reason": "Notional below $5 minimum", "logged_at": "2026-05-05T11:11:51.826465+00:00"}
{"trade_hash": "2026-04-27T23:00:15.060904+00:00:DOGEUSDT:BUY:149.56910166497977", "ts": "2026-04-27T23:00:15.060904+00:00", "symbol": "DOGEUSDT", "side": "BUY", "qty": 149.56910166497977, "price": 0.0, "result": "UNKNOWN", "error_category": "LOW_NOTIONAL", "error_reason": "Notional below $5 minimum", "logged_at": "2026-05-05T11:11:51.826474+00:00"}
{"trade_hash": "2026-04-27T23:00:17.092199+00:00:BNBUSDT:BUY:0.023647288800787314", "ts": "2026-04-27T23:00:17.092199+00:00", "symbol": "BNBUSDT", "side": "BUY", "qty": 0.023647288800787314, "price": 0.0, "result": "UNKNOWN", "error_category": "LOW_NOTIONAL", "error_reason": "Notional below $5 minimum", "logged_at": "2026-05-05T11:11:51.826483+00:00"}
{"trade_hash": "2026-04-27T23:00:18.625964+00:00:NEARUSDT:BUY:10.881757912002945", "ts": "2026-04-27T23:00:18.625964+00:00", "symbol": "NEARUSDT", "side": "BUY", "qty": 10.881757912002945, "price": 0.0, "result": "UNKNOWN", "error_category": "LOW_NOTIONAL", "error_reason": "Notional below $5 minimum", "logged_at": "2026-05-05T11:11:51.826492+00:00"}
{"trade_hash": "2026-04-27T23:00:20.374838+00:00:SUIUSDT:BUY:15.88629030799828", "ts": "2026-04-27T23:00:20.374838+00:00", "symbol": "SUIUSDT", "side": "BUY", "qty": 15.88629030799828, "price": 0.0, "result": "UNKNOWN", "error_category": "LOW_NOTIONAL", "error_reason": "Notional below $5 minimum", "logged_at": "2026-05-05T11:11:51.826501+00:00"}
{"trade_hash": "2026-04-27T23:00:22.698726+00:00:ADAUSDT:BUY:59.77923642597087", "ts": "2026-04-27T23:00:22.698726+00:00", "symbol": "ADAUSDT", "side": "BUY", "qty": 59.77923642597087, "price": 0.0, "result": "UNKNOWN", "error_category": "LOW_NOTIONAL", "error_reason": "Notional below $5 minimum", "logged_at": "2026-05-05T11:11:51.826510+00:00"}
{"trade_hash": "2026-04-27T23:15:05.636708+00:00:DOGEUSDT:BUY:149.75098545297934", "ts": "2026-04-27T23:15:05.636708+00:00", "symbol": "DOGEUSDT", "side": "BUY", "qty": 149.75098545297934, "price": 0.0, "result": "UNKNOWN", "error_category": "LOW_NOTIONAL", "error_reason": "Notional below $5 minimum", "logged_at": "2026-05-05T11:11:51.826519+00:00"}
{"trade_hash": "2026-04-27T23:15:07.093811+00:00:BNBUSDT:BUY:0.02365675286475843", "ts": "2026-04-27T23:15:07.093811+00:00", "symbol": "BNBUSDT", "side": "BUY", "qty": 0.02365675286475843, "price": 0.0, "result": "UNKNOWN", "error_category": "LOW_NOTIONAL", "error_reason": "Notional below $5 minimum", "logged_at": "2026-05-05T11:11:51.826531+00:00"}
{"trade_hash": "2026-04-27T23:15:08.984074+00:00:SUIUSDT:BUY:15.901675717744538", "ts": "2026-04-27T23:15:08.984074+00:00", "symbol": "SUIUSDT", "side": "BUY", "qty": 15.901675717744538, "price": 0.0, "result": "UNKNOWN", "error_category": "LOW_NOTIONAL", "error_reason": "Notional below $5 minimum", "logged_at": "2026-05-05T11:11:51.826540+00:00"}
{"trade_hash": "2026-04-27T23:15:10.144946+00:00:ADAUSDT:BUY:59.8276406659919", "ts": "2026-04-27T23:15:10.144946+00:00", "symbol": "ADAUSDT", "side": "BUY", "qty": 59.8276406659919, "price": 0.0, "result": "UNKNOWN", "error_category": "LOW_NOTIONAL", "error_reason": "Notional below $5 minimum", "logged_at": "2026-05-05T11:11:51.826548+00:00"}
{"trade_hash": "2026-04-27T23:30:05.516230+00:00:XRPUSDT:BUY:10.563605150117949", "ts": "2026-04-27T23:30:05.516230+00:00", "symbol": "XRPUSDT", "side": "BUY", "qty": 10.563605150117949, "price": 0.0, "result": "UNKNOWN", "error_category": "LOW_NOTIONAL", "error_reason": "Notional below $5 minimum", "logged_at": "2026-05-05T11:11:51.826557+00:00"}
{"trade_hash": "2026-04-27T23:30:06.603899+00:00:DOGEUSDT:BUY:149.282020855642", "ts": "2026-04-27T23:30:06.603899+00:00", "symbol": "DOGEUSDT", "side": "BUY", "qty": 149.282020855642, "price": 0.0, "result": "UNKNOWN", "error_category": "LOW_NOTIONAL", "error_reason": "Notional below $5 minimum", "logged_at": "2026-05-05T11:11:51.826565+00:00"}
{"trade_hash": "2026-04-27T23:30:08.080674+00:00:BNBUSDT:BUY:0.02361856449006665", "ts": "2026-04-27T23:30:08.080674+00:00", "symbol": "BNBUSDT", "side": "BUY", "qty": 0.02361856449006665, "price": 0.0, "result": "UNKNOWN", "error_category": "LOW_NOTIONAL", "error_reason": "Notional below $5 minimum", "logged_at": "2026-05-05T11:11:51.826574+00:00"}
{"trade_hash": "2026-04-27T23:30:08.985660+00:00:NEARUSDT:BUY:10.857771671197648", "ts": "2026-04-27T23:30:08.985660+00:00", "symbol": "NEARUSDT", "side": "BUY", "qty": 10.857771671197648, "price": 0.0, "result": "UNKNOWN", "error_category": "LOW_NOTIONAL", "error_reason": "Notional below $5 minimum", "logged_at": "2026-05-05T11:11:51.826585+00:00"}
{"trade_hash": "2026-04-27T23:30:10.103098+00:00:SUIUSDT:BUY:15.84201033930103", "ts": "2026-04-27T23:30:10.103098+00:00", "symbol": "SUIUSDT", "side": "BUY", "qty": 15.84201033930103, "price": 0.0, "result": "UNKNOWN", "error_category": "LOW_NOTIONAL", "error_reason": "Notional below $5 minimum", "logged_at": "2026-05-05T11:11:51.826600+00:00"}
{"trade_hash": "2026-04-27T23:30:11.189836+00:00:ADAUSDT:BUY:59.68266253836834", "ts": "2026-04-27T23:30:11.189836+00:00", "symbol": "ADAUSDT", "side": "BUY", "qty": 59.68266253836834, "price": 0.0, "result": "UNKNOWN", "error_category": "LOW_NOTIONAL", "error_reason": "Notional below $5 minimum", "logged_at": "2026-05-05T11:11:51.826609+00:00"}
{"trade_hash": "2026-04-27T23:45:03.668819+00:00:BTCUSDT:BUY:0.0001911802590581271", "ts": "2026-04-27T23:45:03.668819+00:00", "symbol": "BTCUSDT", "side": "BUY", "qty": 0.0001911802590581271, "price": 0.0, "result": "UNKNOWN", "error_category": "LOW_NOTIONAL", "error_reason": "Notional below $5 minimum", "logged_at": "2026-05-05T11:11:51.826618+00:00"}
{"trade_hash": "2026-04-27T23:45:04.836927+00:00:ETHUSDT:BUY:0.006427148008672507", "ts": "2026-04-27T23:45:04.836927+00:00", "symbol": "ETHUSDT", "side": "BUY", "qty": 0.006427148008672507, "price": 0.0, "result": "UNKNOWN", "error_category": "LOW_NOTIONAL", "error_reason": "Notional below $5 minimum", "logged_at": "2026-05-05T11:11:51.826628+00:00"}
{"trade_hash": "2026-04-27T23:45:06.244710+00:00:XRPUSDT:BUY:10.556813290827261", "ts": "2026-04-27T23:45:06.244710+00:00", "symbol": "XRPUSDT", "side": "BUY", "qty": 10.556813290827261, "price": 0.0, "result": "UNKNOWN", "error_category": "LOW_NOTIONAL", "error_reason": "Notional below $5 minimum", "logged_at": "2026-05-05T11:11:51.826637+00:00"}
{"trade_hash": "2026-04-27T23:45:07.296991+00:00:DOGEUSDT:BUY:149.35746153729534", "ts": "2026-04-27T23:45:07.296991+00:00", "symbol": "DOGEUSDT", "side": "BUY", "qty": 149.35746153729534, "price": 0.0, "result": "UNKNOWN", "error_category": "LOW_NOTIONAL", "error_reason": "Notional below $5 minimum", "logged_at": "2026-05-05T11:11:51.826647+00:00"}
{"trade_hash": "2026-04-27T23:45:08.767390+00:00:BNBUSDT:BUY:0.02359631342333855", "ts": "2026-04-27T23:45:08.767390+00:00", "symbol": "BNBUSDT", "side": "BUY", "qty": 0.02359631342333855, "price": 0.0, "result": "UNKNOWN", "error_category": "LOW_NOTIONAL", "error_reason": "Notional below $5 minimum", "logged_at": "2026-05-05T11:11:51.826656+00:00"}
{"trade_hash": "2026-04-27T23:45:09.865169+00:00:NEARUSDT:BUY:10.841839504402055", "ts": "2026-04-27T23:45:09.865169+00:00", "symbol": "NEARUSDT", "side": "BUY", "qty": 10.841839504402055, "price": 0.0, "result": "UNKNOWN", "error_category": "LOW_NOTIONAL", "error_reason": "Notional below $5 minimum", "logged_at": "2026-05-05T11:11:51.826665+00:00"}
{"trade_hash": "2026-04-27T23:45:10.855676+00:00:SUIUSDT:BUY:15.835219936240891", "ts": "2026-04-27T23:45:10.855676+00:00", "symbol": "SUIUSDT", "side": "BUY", "qty": 15.835219936240891, "price": 0.0, "result": "UNKNOWN", "error_category": "LOW_NOTIONAL", "error_reason": "Notional below $5 minimum", "logged_at": "2026-05-05T11:11:51.826674+00:00"}
{"trade_hash": "2026-04-27T23:45:12.136011+00:00:ADAUSDT:BUY:59.63449251210654", "ts": "2026-04-27T23:45:12.136011+00:00", "symbol": "ADAUSDT", "side": "BUY", "qty": 59.63449251210654, "price": 0.0, "result": "UNKNOWN", "error_category": "LOW_NOTIONAL", "error_reason": "Notional below $5 minimum", "logged_at": "2026-05-05T11:11:51.826707+00:00"}
{"trade_hash": "2026-04-28T00:00:05.097348+00:00:BTCUSDT:BUY:0.00019097867043684738", "ts": "2026-04-28T00:00:05.097348+00:00", "symbol": "BTCUSDT", "side": "BUY", "qty": 0.00019097867043684738, "price": 0.0, "result": "UNKNOWN", "error_category": "LOW_NOTIONAL", "error_reason": "Notional below $5 minimum", "logged_at": "2026-05-05T11:11:51.826717+00:00"}
{"trade_hash": "2026-04-28T00:00:07.988086+00:00:XRPUSDT:BUY:10.549277016347801", "ts": "2026-04-28T00:00:07.988086+00:00", "symbol": "XRPUSDT", "side": "BUY", "qty": 10.549277016347801, "price": 0.0, "result": "UNKNOWN", "error_category": "LOW_NOTIONAL", "error_reason": "Notional below $5 minimum", "logged_at": "2026-05-05T11:11:51.826725+00:00"}
{"trade_hash": "2026-04-28T00:00:12.277755+00:00:NEARUSDT:BUY:10.841839504402055", "ts": "2026-04-28T00:00:12.277755+00:00", "symbol": "NEARUSDT", "side": "BUY", "qty": 10.841839504402055, "price": 0.0, "result": "UNKNOWN", "error_category": "LOW_NOTIONAL", "error_reason": "Notional below $5 minimum", "logged_at": "2026-05-05T11:11:51.826734+00:00"}
{"trade_hash": "2026-04-28T00:00:13.355236+00:00:SUIUSDT:BUY:15.796287808123997", "ts": "2026-04-28T00:00:13.355236+00:00", "symbol": "SUIUSDT", "side": "BUY", "qty": 15.796287808123997, "price": 0.0, "result": "UNKNOWN", "error_category": "LOW_NOTIONAL", "error_reason": "Notional below $5 minimum", "logged_at": "2026-05-05T11:11:51.827414+00:00"}
{"trade_hash": "2026-04-28T00:00:14.467485+00:00:ADAUSDT:BUY:59.56238308948005", "ts": "2026-04-28T00:00:14.467485+00:00", "symbol": "ADAUSDT", "side": "BUY", "qty": 59.56238308948005, "price": 0.0, "result": "UNKNOWN", "error_category": "LOW_NOTIONAL", "error_reason": "Notional below $5 minimum", "logged_at": "2026-05-05T11:11:51.827440+00:00"}
{"trade_hash": "2026-04-28T00:15:04.414729+00:00:BTCUSDT:BUY:0.00019112328983422145", "ts": "2026-04-28T00:15:04.414729+00:00", "symbol": "BTCUSDT", "side": "BUY", "qty": 0.00019112328983422145, "price": 0.0, "result": "UNKNOWN", "error_category": "LOW_NOTIONAL", "error_reason": "Notional below $5 minimum", "logged_at": "2026-05-05T11:11:51.827452+00:00"}
{"trade_hash": "2026-04-28T00:15:09.020969+00:00:NEARUSDT:BUY:10.857771671197648", "ts": "2026-04-28T00:15:09.020969+00:00", "symbol": "NEARUSDT", "side": "BUY", "qty": 10.857771671197648, "price": 0.0, "result": "UNKNOWN", "error_category": "LOW_NOTIONAL", "error_reason": "Notional below $5 minimum", "logged_at": "2026-05-05T11:11:51.827465+00:00"}
{"trade_hash": "2026-04-28T00:15:10.168586+00:00:SUIUSDT:BUY:15.818269368978806", "ts": "2026-04-28T00:15:10.168586+00:00", "symbol": "SUIUSDT", "side": "BUY", "qty": 15.818269368978806, "price": 0.0, "result": "UNKNOWN", "error_category": "LOW_NOTIONAL", "error_reason": "Notional below $5 minimum", "logged_at": "2026-05-05T11:11:51.827474+00:00"}
{"trade_hash": "2026-04-28T00:15:11.300928+00:00:ADAUSDT:BUY:59.610436645824926", "ts": "2026-04-28T00:15:11.300928+00:00", "symbol": "ADAUSDT", "side": "BUY", "qty": 59.610436645824926, "price": 0.0, "result": "UNKNOWN", "error_category": "LOW_NOTIONAL", "error_reason": "Notional below $5 minimum", "logged_at": "2026-05-05T11:11:51.827483+00:00"}
{"trade_hash": "2026-04-28T00:30:04.233129+00:00:BTCUSDT:BUY:0.0001913100748569488", "ts": "2026-04-28T00:30:04.233129+00:00", "symbol": "BTCUSDT", "side": "BUY", "qty": 0.0001913100748569488, "price": 0.0, "result": "UNKNOWN", "error_category": "LOW_NOTIONAL", "error_reason": "Notional below $5 minimum", "logged_at": "2026-05-05T11:11:51.827494+00:00"}
{"trade_hash": "2026-04-28T00:30:08.423950+00:00:NEARUSDT:BUY:10.865755326838235", "ts": "2026-04-28T00:30:08.423950+00:00", "symbol": "NEARUSDT", "side": "BUY", "qty": 10.865755326838235, "price": 0.0, "result": "UNKNOWN", "error_category": "LOW_NOTIONAL", "error_reason": "Notional below $5 minimum", "logged_at": "2026-05-05T11:11:51.827503+00:00"}
{"trade_hash": "2026-04-28T00:30:09.502171+00:00:SUIUSDT:BUY:15.86923028833763", "ts": "2026-04-28T00:30:09.502171+00:00", "symbol": "SUIUSDT", "side": "BUY", "qty": 15.86923028833763, "price": 0.0, "result": "UNKNOWN", "error_category": "LOW_NOTIONAL", "error_reason": "Notional below $5 minimum", "logged_at": "2026-05-05T11:11:51.827515+00:00"}
{"trade_hash": "2026-04-28T00:30:10.407604+00:00:ADAUSDT:BUY:59.65856780177634", "ts": "2026-04-28T00:30:10.407604+00:00", "symbol": "ADAUSDT", "side": "BUY", "qty": 59.65856780177634, "price": 0.0, "result": "UNKNOWN", "error_category": "LOW_NOTIONAL", "error_reason": "Notional below $5 minimum", "logged_at": "2026-05-05T11:11:51.827524+00:00"}
{"trade_hash": "2026-04-28T00:45:03.738337+00:00:BTCUSDT:BUY:0.00019094212418489827", "ts": "2026-04-28T00:45:03.738337+00:00", "symbol": "BTCUSDT", "side": "BUY", "qty": 0.00019094212418489827, "price": 0.0, "result": "UNKNOWN", "error_category": "LOW_NOTIONAL", "error_reason": "Notional below $5 minimum", "logged_at": "2026-05-05T11:11:51.827534+00:00"}
{"trade_hash": "2026-04-28T00:45:08.492017+00:00:NEARUSDT:BUY:10.849799738986784", "ts": "2026-04-28T00:45:08.492017+00:00", "symbol": "NEARUSDT", "side": "BUY", "qty": 10.849799738986784, "price": 0.0, "result": "UNKNOWN", "error_category": "LOW_NOTIONAL", "error_reason": "Notional below $5 minimum", "logged_at": "2026-05-05T11:11:51.827544+00:00"}
{"trade_hash": "2026-04-28T00:45:09.361654+00:00:SUIUSDT:BUY:15.81657630793107", "ts": "2026-04-28T00:45:09.361654+00:00", "symbol": "SUIUSDT", "side": "BUY", "qty": 15.81657630793107, "price": 0.0, "result": "UNKNOWN", "error_category": "LOW_NOTIONAL", "error_reason": "Notional below $5 minimum", "logged_at": "2026-05-05T11:11:51.827553+00:00"}
{"trade_hash": "2026-04-28T00:45:10.416357+00:00:ADAUSDT:BUY:59.586400179435486", "ts": "2026-04-28T00:45:10.416357+00:00", "symbol": "ADAUSDT", "side": "BUY", "qty": 59.586400179435486, "price": 0.0, "result": "UNKNOWN", "error_category": "LOW_NOTIONAL", "error_reason": "Notional below $5 minimum", "logged_at": "2026-05-05T11:11:51.827562+00:00"}
{"trade_hash": "2026-04-28T01:00:07.516531+00:00:NEARUSDT:BUY:10.865755326838235", "ts": "2026-04-28T01:00:07.516531+00:00", "symbol": "NEARUSDT", "side": "BUY", "qty": 10.865755326838235, "price": 0.0, "result": "UNKNOWN", "error_category": "LOW_NOTIONAL", "error_reason": "Notional below $5 minimum", "logged_at": "2026-05-05T11:11:51.827571+00:00"}
{"trade_hash": "2026-04-28T01:00:08.490646+00:00:SUIUSDT:BUY:15.823350727593962", "ts": "2026-04-28T01:00:08.490646+00:00", "symbol": "SUIUSDT", "side": "BUY", "qty": 15.823350727593962, "price": 0.0, "result": "UNKNOWN", "error_category": "LOW_NOTIONAL", "error_reason": "Notional below $5 minimum", "logged_at": "2026-05-05T11:11:51.827579+00:00"}
{"trade_hash": "2026-04-28T01:15:07.194929+00:00:NEARUSDT:BUY:10.857771671197648", "ts": "2026-04-28T01:15:07.194929+00:00", "symbol": "NEARUSDT", "side": "BUY", "qty": 10.857771671197648, "price": 0.0, "result": "UNKNOWN", "error_category": "LOW_NOTIONAL", "error_reason": "Notional below $5 minimum", "logged_at": "2026-05-05T11:11:51.827588+00:00"}
{"trade_hash": "2026-04-28T01:15:08.142426+00:00:SUIUSDT:BUY:15.806425547652156", "ts": "2026-04-28T01:15:08.142426+00:00", "symbol": "SUIUSDT", "side": "BUY", "qty": 15.806425547652156, "price": 0.0, "result": "UNKNOWN", "error_category": "LOW_NOTIONAL", "error_reason": "Notional below $5 minimum", "logged_at": "2026-05-05T11:11:51.827596+00:00"}
{"trade_hash": "2026-04-28T01:30:05.778207+00:00:NEARUSDT:BUY:10.857771671197648", "ts": "2026-04-28T01:30:05.778207+00:00", "symbol": "NEARUSDT", "side": "BUY", "qty": 10.857771671197648, "price": 0.0, "result": "UNKNOWN", "error_category": "LOW_NOTIONAL", "error_reason": "Notional below $5 minimum", "logged_at": "2026-05-05T11:11:51.827605+00:00"}
{"trade_hash": "2026-04-28T01:30:06.639092+00:00:SUIUSDT:BUY:15.806425547652156", "ts": "2026-04-28T01:30:06.639092+00:00", "symbol": "SUIUSDT", "side": "BUY", "qty": 15.806425547652156, "price": 0.0, "result": "UNKNOWN", "error_category": "LOW_NOTIONAL", "error_reason": "Notional below $5 minimum", "logged_at": "2026-05-05T11:11:51.827616+00:00"}
{"trade_hash": "2026-04-28T01:45:05.067214+00:00:NEARUSDT:BUY:10.87375073178808", "ts": "2026-04-28T01:45:05.067214+00:00", "symbol": "NEARUSDT", "side": "BUY", "qty": 10.87375073178808, "price": 0.0, "result": "UNKNOWN", "error_category": "LOW_NOTIONAL", "error_reason": "Notional below $5 minimum", "logged_at": "2026-05-05T11:11:51.827625+00:00"}
{"trade_hash": "2026-04-28T01:45:06.069665+00:00:SUIUSDT:BUY:15.83013095286556", "ts": "2026-04-28T01:45:06.069665+00:00", "symbol": "SUIUSDT", "side": "BUY", "qty": 15.83013095286556, "price": 0.0, "result": "UNKNOWN", "error_category": "LOW_NOTIONAL", "error_reason": "Notional below $5 minimum", "logged_at": "2026-05-05T11:11:51.827633+00:00"}
{"trade_hash": "2026-04-28T02:00:06.754978+00:00:NEARUSDT:BUY:10.865755326838235", "ts": "2026-04-28T02:00:06.754978+00:00", "symbol": "NEARUSDT", "side": "BUY", "qty": 10.865755326838235, "price": 0.0, "result": "UNKNOWN", "error_category": "LOW_NOTIONAL", "error_reason": "Notional below $5 minimum", "logged_at": "2026-05-05T11:11:51.827642+00:00"}
{"trade_hash": "2026-04-28T02:00:07.771687+00:00:SUIUSDT:BUY:15.831826917184486", "ts": "2026-04-28T02:00:07.771687+00:00", "symbol": "SUIUSDT", "side": "BUY", "qty": 15.831826917184486, "price": 0.0, "result": "UNKNOWN", "error_category": "LOW_NOTIONAL", "error_reason": "Notional below $5 minimum", "logged_at": "2026-05-05T11:11:51.827653+00:00"}
{"trade_hash": "2026-04-28T02:15:06.275195+00:00:NEARUSDT:BUY:10.865755326838235", "ts": "2026-04-28T02:15:06.275195+00:00", "symbol": "NEARUSDT", "side": "BUY", "qty": 10.865755326838235, "price": 0.0, "result": "UNKNOWN", "error_category": "LOW_NOTIONAL", "error_reason": "Notional below $5 minimum", "logged_at": "2026-05-05T11:11:51.827662+00:00"}
{"trade_hash": "2026-04-28T02:15:07.264372+00:00:SUIUSDT:BUY:15.845407725176925", "ts": "2026-04-28T02:15:07.264372+00:00", "symbol": "SUIUSDT", "side": "BUY", "qty": 15.845407725176925, "price": 0.0, "result": "UNKNOWN", "error_category": "LOW_NOTIONAL", "error_reason": "Notional below $5 minimum", "logged_at": "2026-05-05T11:11:51.827673+00:00"}
{"trade_hash": "2026-04-28T02:30:06.466235+00:00:SUIUSDT:BUY:15.879461900386847", "ts": "2026-04-28T02:30:06.466235+00:00", "symbol": "SUIUSDT", "side": "BUY", "qty": 15.879461900386847, "price": 0.0, "result": "UNKNOWN", "error_category": "LOW_NOTIONAL", "error_reason": "Notional below $5 minimum", "logged_at": "2026-05-05T11:11:51.827731+00:00"}
{"trade_hash": "2026-04-28T02:45:06.141500+00:00:SUIUSDT:BUY:15.960068305972568", "ts": "2026-04-28T02:45:06.141500+00:00", "symbol": "SUIUSDT", "side": "BUY", "qty": 15.960068305972568, "price": 0.0, "result": "UNKNOWN", "error_category": "LOW_NOTIONAL", "error_reason": "Notional below $5 minimum", "logged_at": "2026-05-05T11:11:51.827739+00:00"}
{"trade_hash": "2026-04-28T03:00:07.766598+00:00:SUIUSDT:BUY:15.911949224184344", "ts": "2026-04-28T03:00:07.766598+00:00", "symbol": "SUIUSDT", "side": "BUY", "qty": 15.911949224184344, "price": 0.0, "result": "UNKNOWN", "error_category": "LOW_NOTIONAL", "error_reason": "Notional below $5 minimum", "logged_at": "2026-05-05T11:11:51.827747+00:00"}
{"trade_hash": "2026-04-28T03:05:07.725725+00:00:SUIUSDT:BUY:15.917090957022834", "ts": "2026-04-28T03:05:07.725725+00:00", "symbol": "SUIUSDT", "side": "BUY", "qty": 15.917090957022834, "price": 0.0, "result": "UNKNOWN", "error_category": "LOW_NOTIONAL", "error_reason": "Notional below $5 minimum", "logged_at": "2026-05-05T11:11:51.827755+00:00"}
{"trade_hash": "2026-04-28T03:05:45.205760+00:00:SUIUSDT:BUY:15.925667900096995", "ts": "2026-04-28T03:05:45.205760+00:00", "symbol": "SUIUSDT", "side": "BUY", "qty": 15.925667900096995, "price": 0.0, "result": "UNKNOWN", "error_category": "LOW_NOTIONAL", "error_reason": "Notional below $5 minimum", "logged_at": "2026-05-05T11:11:51.827762+00:00"}
{"trade_hash": "2026-04-28T03:07:00.385517+00:00:SUIUSDT:BUY:15.927384398038372", "ts": "2026-04-28T03:07:00.385517+00:00", "symbol": "SUIUSDT", "side": "BUY", "qty": 15.927384398038372, "price": 0.0, "result": "UNKNOWN", "error_category": "LOW_NOTIONAL", "error_reason": "Notional below $5 minimum", "logged_at": "2026-05-05T11:11:51.827774+00:00"}
{"trade_hash": "2026-04-28T03:07:46.414764+00:00:SUIUSDT:BUY:15.941129713592233", "ts": "2026-04-28T03:07:46.414764+00:00", "symbol": "SUIUSDT", "side": "BUY", "qty": 15.941129713592233, "price": 0.0, "result": "UNKNOWN", "error_category": "LOW_NOTIONAL", "error_reason": "Notional below $5 minimum", "logged_at": "2026-05-05T11:11:51.827784+00:00"}
{"trade_hash": "2026-04-28T03:09:35.689351+00:00:SUIUSDT:BUY:15.929101266034278", "ts": "2026-04-28T03:09:35.689351+00:00", "symbol": "SUIUSDT", "side": "BUY", "qty": 15.929101266034278, "price": 0.0, "result": "UNKNOWN", "error_category": "LOW_NOTIONAL", "error_reason": "Notional below $5 minimum", "logged_at": "2026-05-05T11:11:51.827793+00:00"}
{"trade_hash": "2026-04-28T03:11:33.467316+00:00:SUIUSDT:BUY:15.915376676898223", "ts": "2026-04-28T03:11:33.467316+00:00", "symbol": "SUIUSDT", "side": "BUY", "qty": 15.915376676898223, "price": 0.0, "result": "UNKNOWN", "error_category": "LOW_NOTIONAL", "error_reason": "Notional below $5 minimum", "logged_at": "2026-05-05T11:11:51.827801+00:00"}
{"trade_hash": "2026-04-28T03:15:06.526582+00:00:NEARUSDT:BUY:10.881757912002945", "ts": "2026-04-28T03:15:06.526582+00:00", "symbol": "NEARUSDT", "side": "BUY", "qty": 10.881757912002945, "price": 0.0, "result": "UNKNOWN", "error_category": "LOW_NOTIONAL", "error_reason": "Notional below $5 minimum", "logged_at": "2026-05-05T11:11:51.827813+00:00"}
{"trade_hash": "2026-04-28T03:15:07.472162+00:00:SUIUSDT:BUY:15.915376676898223", "ts": "2026-04-28T03:15:07.472162+00:00", "symbol": "SUIUSDT", "side": "BUY", "qty": 15.915376676898223, "price": 0.0, "result": "UNKNOWN", "error_category": "LOW_NOTIONAL", "error_reason": "Notional below $5 minimum", "logged_at": "2026-05-05T11:11:51.827822+00:00"}
{"trade_hash": "2026-04-28T03:43:37.524339+00:00:NEARUSDT:BUY:9.2", "ts": "2026-04-28T03:43:37.524339+00:00", "symbol": "NEARUSDT", "side": "BUY", "qty": 9.2, "price": 0.0, "result": "UNKNOWN", "error_category": "LOW_NOTIONAL", "error_reason": "Notional below $5 minimum", "logged_at": "2026-05-05T11:11:51.827836+00:00"}
{"trade_hash": "2026-04-28T03:44:15.832448+00:00:NEARUSDT:BUY:7.8", "ts": "2026-04-28T03:44:15.832448+00:00", "symbol": "NEARUSDT", "side": "BUY", "qty": 7.8, "price": 0.0, "result": "UNKNOWN", "error_category": "LOW_NOTIONAL", "error_reason": "Notional below $5 minimum", "logged_at": "2026-05-05T11:11:51.827847+00:00"}
{"trade_hash": "2026-04-28T05:00:14.487992+00:00:NEARUSDT:SELL:16.1", "ts": "2026-04-28T05:00:14.487992+00:00", "symbol": "NEARUSDT", "side": "SELL", "qty": 16.1, "price": 0.0, "result": "UNKNOWN", "error_category": "LOW_NOTIONAL", "error_reason": "Notional below $5 minimum", "logged_at": "2026-05-05T11:11:51.827871+00:00"}
{"trade_hash": "2026-04-28T08:30:08.184719+00:00:DOGEUSDT:SELL:1.0", "ts": "2026-04-28T08:30:08.184719+00:00", "symbol": "DOGEUSDT", "side": "SELL", "qty": 1.0, "price": 0.0, "result": "UNKNOWN", "error_category": "LOW_NOTIONAL", "error_reason": "Notional below $5 minimum", "logged_at": "2026-05-05T11:11:51.827890+00:00"}
{"trade_hash": "2026-04-28T20:15:06.975340+00:00:TRUMPUSDT:SELL:8.227", "ts": "2026-04-28T20:15:06.975340+00:00", "symbol": "TRUMPUSDT", "side": "SELL", "qty": 8.227, "price": 0.0, "result": "UNKNOWN", "error_category": "LOW_NOTIONAL", "error_reason": "Notional below $5 minimum", "logged_at": "2026-05-05T11:11:51.827906+00:00"}
{"trade_hash": "2026-04-28T23:45:08.287171+00:00:DOGEUSDT:SELL:293.0", "ts": "2026-04-28T23:45:08.287171+00:00", "symbol": "DOGEUSDT", "side": "SELL", "qty": 293.0, "price": 0.0, "result": "UNKNOWN", "error_category": "LOW_NOTIONAL", "error_reason": "Notional below $5 minimum", "logged_at": "2026-05-05T11:11:51.827918+00:00"}
{"trade_hash": "2026-04-29T10:00:08.029001+00:00:DOGEUSDT:SELL:1.0", "ts": "2026-04-29T10:00:08.029001+00:00", "symbol": "DOGEUSDT", "side": "SELL", "qty": 1.0, "price": 0.0, "result": "UNKNOWN", "error_category": "LOW_NOTIONAL", "error_reason": "Notional below $5 minimum", "logged_at": "2026-05-05T11:11:51.827936+00:00"}
{"trade_hash": "2026-04-29T11:30:11.320638+00:00:TRUMPUSDT:SELL:8.248", "ts": "2026-04-29T11:30:11.320638+00:00", "symbol": "TRUMPUSDT", "side": "SELL", "qty": 8.248, "price": 0.0, "result": "UNKNOWN", "error_category": "LOW_NOTIONAL", "error_reason": "Notional below $5 minimum", "logged_at": "2026-05-05T11:11:51.827963+00:00"}
{"trade_hash": "2026-04-29T16:30:09.409803+00:00:NEARUSDT:SELL:0.1", "ts": "2026-04-29T16:30:09.409803+00:00", "symbol": "NEARUSDT", "side": "SELL", "qty": 0.1, "price": 0.0, "result": "UNKNOWN", "error_category": "LOW_NOTIONAL", "error_reason": "Notional below $5 minimum", "logged_at": "2026-05-05T11:11:51.827993+00:00"}
{"trade_hash": "2026-04-29T16:30:09.643392+00:00:DOGEUSDT:SELL:1.0", "ts": "2026-04-29T16:30:09.643392+00:00", "symbol": "DOGEUSDT", "side": "SELL", "qty": 1.0, "price": 0.0, "result": "UNKNOWN", "error_category": "LOW_NOTIONAL", "error_reason": "Notional below $5 minimum", "logged_at": "2026-05-05T11:11:51.828001+00:00"}
{"trade_hash": "2026-04-29T16:30:09.868293+00:00:TRUMPUSDT:SELL:0.001", "ts": "2026-04-29T16:30:09.868293+00:00", "symbol": "TRUMPUSDT", "side": "SELL", "qty": 0.001, "price": 0.0, "result": "UNKNOWN", "error_category": "LOW_NOTIONAL", "error_reason": "Notional below $5 minimum", "logged_at": "2026-05-05T11:11:51.828009+00:00"}
{"trade_hash": "2026-04-29T18:15:06.097988+00:00:ADAUSDT:SELL:0.1", "ts": "2026-04-29T18:15:06.097988+00:00", "symbol": "ADAUSDT", "side": "SELL", "qty": 0.1, "price": 0.0, "result": "UNKNOWN", "error_category": "LOW_NOTIONAL", "error_reason": "Notional below $5 minimum", "logged_at": "2026-05-05T11:11:51.828016+00:00"}
{"trade_hash": "2026-05-01T03:30:12.648084+00:00:BTCUSDT:BUY:1e-05", "ts": "2026-05-01T03:30:12.648084+00:00", "symbol": "BTCUSDT", "side": "BUY", "qty": 1e-05, "price": 0.0, "result": "UNKNOWN", "error_category": "DUST_BTC", "error_reason": "BTC qty below minimum notional", "logged_at": "2026-05-05T11:11:51.828064+00:00"}
{"trade_hash": "2026-05-01T03:45:08.723995+00:00:BTCUSDT:BUY:1e-05", "ts": "2026-05-01T03:45:08.723995+00:00", "symbol": "BTCUSDT", "side": "BUY", "qty": 1e-05, "price": 0.0, "result": "UNKNOWN", "error_category": "DUST_BTC", "error_reason": "BTC qty below minimum notional", "logged_at": "2026-05-05T11:11:51.828073+00:00"}
{"trade_hash": "2026-05-01T04:30:12.303292+00:00:BTCUSDT:BUY:1e-05", "ts": "2026-05-01T04:30:12.303292+00:00", "symbol": "BTCUSDT", "side": "BUY", "qty": 1e-05, "price": 0.0, "result": "UNKNOWN", "error_category": "DUST_BTC", "error_reason": "BTC qty below minimum notional", "logged_at": "2026-05-05T11:11:51.828084+00:00"}
{"trade_hash": "2026-05-01T04:45:08.625783+00:00:BTCUSDT:BUY:1e-05", "ts": "2026-05-01T04:45:08.625783+00:00", "symbol": "BTCUSDT", "side": "BUY", "qty": 1e-05, "price": 0.0, "result": "UNKNOWN", "error_category": "DUST_BTC", "error_reason": "BTC qty below minimum notional", "logged_at": "2026-05-05T11:11:51.828091+00:00"}
{"trade_hash": "2026-05-01T05:00:10.894628+00:00:NEARUSDT:SELL:15.5", "ts": "2026-05-01T05:00:10.894628+00:00", "symbol": "NEARUSDT", "side": "SELL", "qty": 15.5, "price": 0.0, "result": "UNKNOWN", "error_category": "LOW_NOTIONAL", "error_reason": "Notional below $5 minimum", "logged_at": "2026-05-05T11:11:51.828099+00:00"}
{"trade_hash": "2026-05-01T12:45:09.653766+00:00:BTCUSDT:BUY:1e-05", "ts": "2026-05-01T12:45:09.653766+00:00", "symbol": "BTCUSDT", "side": "BUY", "qty": 1e-05, "price": 0.0, "result": "UNKNOWN", "error_category": "DUST_BTC", "error_reason": "BTC qty below minimum notional", "logged_at": "2026-05-05T11:11:51.828106+00:00"}
{"trade_hash": "2026-05-01T13:45:08.525637+00:00:BTCUSDT:BUY:1e-05", "ts": "2026-05-01T13:45:08.525637+00:00", "symbol": "BTCUSDT", "side": "BUY", "qty": 1e-05, "price": 0.0, "result": "UNKNOWN", "error_category": "DUST_BTC", "error_reason": "BTC qty below minimum notional", "logged_at": "2026-05-05T11:11:51.828117+00:00"}
{"trade_hash": "2026-05-01T14:30:13.258091+00:00:BTCUSDT:BUY:1e-05", "ts": "2026-05-01T14:30:13.258091+00:00", "symbol": "BTCUSDT", "side": "BUY", "qty": 1e-05, "price": 0.0, "result": "UNKNOWN", "error_category": "DUST_BTC", "error_reason": "BTC qty below minimum notional", "logged_at": "2026-05-05T11:11:51.828128+00:00"}
{"trade_hash": "2026-05-01T14:45:08.721827+00:00:BTCUSDT:BUY:1e-05", "ts": "2026-05-01T14:45:08.721827+00:00", "symbol": "BTCUSDT", "side": "BUY", "qty": 1e-05, "price": 0.0, "result": "UNKNOWN", "error_category": "DUST_BTC", "error_reason": "BTC qty below minimum notional", "logged_at": "2026-05-05T11:11:51.828136+00:00"}
{"trade_hash": "2026-05-02T21:45:11.775580+00:00:BTCUSDT:BUY:1e-05", "ts": "2026-05-02T21:45:11.775580+00:00", "symbol": "BTCUSDT", "side": "BUY", "qty": 1e-05, "price": 0.0, "result": "UNKNOWN", "error_category": "DUST_BTC", "error_reason": "BTC qty below minimum notional", "logged_at": "2026-05-05T11:11:51.828147+00:00"}
{"trade_hash": "2026-05-03T20:45:10.853978+00:00:BTCUSDT:BUY:1e-05", "ts": "2026-05-03T20:45:10.853978+00:00", "symbol": "BTCUSDT", "side": "BUY", "qty": 1e-05, "price": 0.0, "result": "UNKNOWN", "error_category": "DUST_BTC", "error_reason": "BTC qty below minimum notional", "logged_at": "2026-05-05T11:11:51.828154+00:00"}
{"trade_hash": "2026-05-03T22:15:09.523382+00:00:BTCUSDT:BUY:1e-05", "ts": "2026-05-03T22:15:09.523382+00:00", "symbol": "BTCUSDT", "side": "BUY", "qty": 1e-05, "price": 0.0, "result": "UNKNOWN", "error_category": "DUST_BTC", "error_reason": "BTC qty below minimum notional", "logged_at": "2026-05-05T11:11:51.828162+00:00"}
{"trade_hash": "2026-05-03T22:30:10.644479+00:00:BTCUSDT:BUY:1e-05", "ts": "2026-05-03T22:30:10.644479+00:00", "symbol": "BTCUSDT", "side": "BUY", "qty": 1e-05, "price": 0.0, "result": "UNKNOWN", "error_category": "DUST_BTC", "error_reason": "BTC qty below minimum notional", "logged_at": "2026-05-05T11:11:51.828169+00:00"}
{"trade_hash": "2026-05-03T22:45:09.655904+00:00:BTCUSDT:BUY:1e-05", "ts": "2026-05-03T22:45:09.655904+00:00", "symbol": "BTCUSDT", "side": "BUY", "qty": 1e-05, "price": 0.0, "result": "UNKNOWN", "error_category": "DUST_BTC", "error_reason": "BTC qty below minimum notional", "logged_at": "2026-05-05T11:11:51.828177+00:00"}
{"trade_hash": "2026-05-04T02:15:10.759015+00:00:BTCUSDT:BUY:1e-05", "ts": "2026-05-04T02:15:10.759015+00:00", "symbol": "BTCUSDT", "side": "BUY", "qty": 1e-05, "price": 0.0, "result": "UNKNOWN", "error_category": "DUST_BTC", "error_reason": "BTC qty below minimum notional", "logged_at": "2026-05-05T11:11:51.828184+00:00"}
{"trade_hash": "2026-05-04T02:30:09.969219+00:00:BTCUSDT:BUY:1e-05", "ts": "2026-05-04T02:30:09.969219+00:00", "symbol": "BTCUSDT", "side": "BUY", "qty": 1e-05, "price": 0.0, "result": "UNKNOWN", "error_category": "DUST_BTC", "error_reason": "BTC qty below minimum notional", "logged_at": "2026-05-05T11:11:51.828195+00:00"}
{"trade_hash": "2026-05-04T02:45:09.546965+00:00:BTCUSDT:BUY:1e-05", "ts": "2026-05-04T02:45:09.546965+00:00", "symbol": "BTCUSDT", "side": "BUY", "qty": 1e-05, "price": 0.0, "result": "UNKNOWN", "error_category": "DUST_BTC", "error_reason": "BTC qty below minimum notional", "logged_at": "2026-05-05T11:11:51.828206+00:00"}
{"trade_hash": "2026-05-04T03:45:09.744730+00:00:BTCUSDT:BUY:1e-05", "ts": "2026-05-04T03:45:09.744730+00:00", "symbol": "BTCUSDT", "side": "BUY", "qty": 1e-05, "price": 0.0, "result": "UNKNOWN", "error_category": "DUST_BTC", "error_reason": "BTC qty below minimum notional", "logged_at": "2026-05-05T11:11:51.828223+00:00"}
{"trade_hash": "2026-05-04T04:30:12.749194+00:00:BTCUSDT:BUY:1e-05", "ts": "2026-05-04T04:30:12.749194+00:00", "symbol": "BTCUSDT", "side": "BUY", "qty": 1e-05, "price": 0.0, "result": "UNKNOWN", "error_category": "DUST_BTC", "error_reason": "BTC qty below minimum notional", "logged_at": "2026-05-05T11:11:51.828231+00:00"}
{"trade_hash": "2026-05-04T04:45:11.341701+00:00:BTCUSDT:BUY:1e-05", "ts": "2026-05-04T04:45:11.341701+00:00", "symbol": "BTCUSDT", "side": "BUY", "qty": 1e-05, "price": 0.0, "result": "UNKNOWN", "error_category": "DUST_BTC", "error_reason": "BTC qty below minimum notional", "logged_at": "2026-05-05T11:11:51.828241+00:00"}
