{"ts": "2026-04-27T14:00:08.093723+00:00", "symbol": "DOGEUSDT", "side": "BUY", "qty": 136.07388993069708, "result": "UNKNOWN", "price": 0}
{"ts": "2026-04-27T14:15:04.220244+00:00", "symbol": "ETHUSDT", "side": "BUY", "qty": 0.005769211193114056, "result": "UNKNOWN", "price": 0}
{"ts": "2026-04-27T14:15:07.005217+00:00", "symbol": "DOGEUSDT", "side": "BUY", "qty": 135.8523614163614, "result": "UNKNOWN", "price": 0}
{"ts": "2026-04-27T14:15:09.285963+00:00", "symbol": "SUIUSDT", "side": "BUY", "qty": 14.34264698678698, "result": "UNKNOWN", "price": 0}
{"ts": "2026-04-27T14:30:06.114388+00:00", "symbol": "DOGEUSDT", "side": "BUY", "qty": 135.65911481406218, "result": "UNKNOWN", "price": 0}
{"ts": "2026-04-27T14:30:08.023326+00:00", "symbol": "SUIUSDT", "side": "BUY", "qty": 14.32725622920914, "result": "UNKNOWN", "price": 0}
{"ts": "2026-04-27T14:45:04.180517+00:00", "symbol": "ETHUSDT", "side": "BUY", "qty": 0.005739401659287279, "result": "UNKNOWN", "price": 0}
{"ts": "2026-04-27T14:45:05.121028+00:00", "symbol": "SOLUSDT", "side": "BUY", "qty": 0.15604920617110796, "result": "UNKNOWN", "price": 0}
{"ts": "2026-04-27T14:45:06.124260+00:00", "symbol": "XRPUSDT", "side": "BUY", "qty": 9.470541977585473, "result": "UNKNOWN", "price": 0}
{"ts": "2026-04-27T14:45:07.104107+00:00", "symbol": "DOGEUSDT", "side": "BUY", "qty": 134.67389630825093, "result": "UNKNOWN", "price": 0}
{"ts": "2026-04-27T14:45:09.005331+00:00", "symbol": "SUIUSDT", "side": "BUY", "qty": 14.224984103984657, "result": "UNKNOWN", "price": 0}
{"ts": "2026-04-27T14:45:09.947156+00:00", "symbol": "ADAUSDT", "side": "BUY", "qty": 53.728652233400396, "result": "UNKNOWN", "price": 0}
{"ts": "2026-04-27T15:00:05.460636+00:00", "symbol": "ETHUSDT", "side": "BUY", "qty": 0.00576761619408014, "result": "UNKNOWN", "price": 0}
{"ts": "2026-04-27T15:00:06.482232+00:00", "symbol": "SOLUSDT", "side": "BUY", "qty": 0.15665340936290037, "result": "UNKNOWN", "price": 0}
{"ts": "2026-04-27T15:00:08.531263+00:00", "symbol": "DOGEUSDT", "side": "BUY", "qty": 135.13734898785424, "result": "UNKNOWN", "price": 0}
{"ts": "2026-04-27T15:00:10.496480+00:00", "symbol": "SUIUSDT", "side": "BUY", "qty": 14.291982530507383, "result": "UNKNOWN", "price": 0}
{"ts": "2026-04-27T15:00:11.445688+00:00", "symbol": "ADAUSDT", "side": "BUY", "qty": 53.88042808716707, "result": "UNKNOWN", "price": 0}
{"ts": "2026-04-27T15:15:05.942543+00:00", "symbol": "DOGEUSDT", "side": "BUY", "qty": 136.08775945367444, "result": "UNKNOWN", "price": 0}
{"ts": "2026-04-27T15:15:07.969180+00:00", "symbol": "SUIUSDT", "side": "BUY", "qty": 14.39056917439103, "result": "UNKNOWN", "price": 0}
{"ts": "2026-04-27T15:30:03.453972+00:00", "symbol": "TRUMPUSDT", "side": "SELL", "qty": 3.860136, "result": "UNKNOWN", "price": 0}
{"ts": "2026-04-27T15:30:07.066136+00:00", "symbol": "DOGEUSDT", "side": "BUY", "qty": 136.9953835419659, "result": "UNKNOWN", "price": 0}
{"ts": "2026-04-27T15:45:05.815799+00:00", "symbol": "DOGEUSDT", "side": "BUY", "qty": 151.7033902525408, "result": "UNKNOWN", "price": 0}
{"ts": "2026-04-27T16:15:06.271112+00:00", "symbol": "DOGEUSDT", "side": "BUY", "qty": 151.7033902525408, "result": "UNKNOWN", "price": 0}
{"ts": "2026-04-27T16:30:05.946243+00:00", "symbol": "DOGEUSDT", "side": "BUY", "qty": 151.6878181533566, "result": "UNKNOWN", "price": 0}
{"ts": "2026-04-27T16:45:05.436377+00:00", "symbol": "DOGEUSDT", "side": "BUY", "qty": 151.75012573937155, "result": "UNKNOWN", "price": 0}
{"ts": "2026-04-27T17:15:06.445516+00:00", "symbol": "DOGEUSDT", "side": "BUY", "qty": 151.2685765636196, "result": "UNKNOWN", "price": 0}
{"ts": "2026-04-27T17:30:07.331582+00:00", "symbol": "DOGEUSDT", "side": "BUY", "qty": 150.99036726780423, "result": "UNKNOWN", "price": 0}
{"ts": "2026-04-27T17:30:09.610140+00:00", "symbol": "SUIUSDT", "side": "BUY", "qty": 15.96351652209139, "result": "UNKNOWN", "price": 0}
{"ts": "2026-04-27T17:45:06.923657+00:00", "symbol": "DOGEUSDT", "side": "BUY", "qty": 150.80546223594246, "result": "UNKNOWN", "price": 0}
{"ts": "2026-04-27T17:45:09.175126+00:00", "symbol": "SUIUSDT", "side": "BUY", "qty": 15.932536112668464, "result": "UNKNOWN", "price": 0}
{"ts": "2026-04-27T18:00:07.365165+00:00", "symbol": "DOGEUSDT", "side": "BUY", "qty": 151.2376138010439, "result": "UNKNOWN", "price": 0}
{"ts": "2026-04-27T18:00:10.042655+00:00", "symbol": "SUIUSDT", "side": "BUY", "qty": 15.977324299383715, "result": "UNKNOWN", "price": 0}
{"ts": "2026-04-27T18:15:07.264157+00:00", "symbol": "DOGEUSDT", "side": "BUY", "qty": 151.11388940075673, "result": "UNKNOWN", "price": 0}
{"ts": "2026-04-27T18:15:09.732156+00:00", "symbol": "SUIUSDT", "side": "BUY", "qty": 15.968691640912038, "result": "UNKNOWN", "price": 0}
{"ts": "2026-04-27T18:30:07.445748+00:00", "symbol": "DOGEUSDT", "side": "BUY", "qty": 150.99036726780423, "result": "UNKNOWN", "price": 0}
{"ts": "2026-04-27T18:30:09.844177+00:00", "symbol": "SUIUSDT", "side": "BUY", "qty": 15.973870116203653, "result": "UNKNOWN", "price": 0}
{"ts": "2026-04-27T18:45:07.450338+00:00", "symbol": "DOGEUSDT", "side": "BUY", "qty": 150.92868189663977, "result": "UNKNOWN", "price": 0}
{"ts": "2026-04-27T18:45:10.003126+00:00", "symbol": "SUIUSDT", "side": "BUY", "qty": 15.954898774022888, "result": "UNKNOWN", "price": 0}
{"ts": "2026-04-27T18:45:10.928918+00:00", "symbol": "ADAUSDT", "side": "BUY", "qty": 60.11972027868186, "result": "UNKNOWN", "price": 0}
{"ts": "2026-04-27T19:00:08.130279+00:00", "symbol": "DOGEUSDT", "side": "BUY", "qty": 151.06754492435084, "result": "UNKNOWN", "price": 0}
{"ts": "2026-04-27T19:15:05.703672+00:00", "symbol": "SOLUSDT", "side": "BUY", "qty": 0.17496361880771966, "result": "UNKNOWN", "price": 0}
{"ts": "2026-04-27T19:15:07.090953+00:00", "symbol": "DOGEUSDT", "side": "BUY", "qty": 150.71317944416114, "result": "UNKNOWN", "price": 0}
{"ts": "2026-04-27T19:30:06.069870+00:00", "symbol": "DOGEUSDT", "side": "BUY", "qty": 151.47014395756457, "result": "UNKNOWN", "price": 0}
{"ts": "2026-04-27T19:45:06.332223+00:00", "symbol": "DOGEUSDT", "side": "BUY", "qty": 151.11388940075673, "result": "UNKNOWN", "price": 0}
{"ts": "2026-04-27T20:00:07.717524+00:00", "symbol": "DOGEUSDT", "side": "BUY", "qty": 150.9749411984062, "result": "UNKNOWN", "price": 0}
{"ts": "2026-04-27T20:15:06.344774+00:00", "symbol": "DOGEUSDT", "side": "BUY", "qty": 150.8516460238873, "result": "UNKNOWN", "price": 0}
{"ts": "2026-04-27T20:30:06.642816+00:00", "symbol": "DOGEUSDT", "side": "BUY", "qty": 150.71317944416114, "result": "UNKNOWN", "price": 0}
{"ts": "2026-04-27T20:30:07.939107+00:00", "symbol": "BNBUSDT", "side": "BUY", "qty": 0.02368481094451212, "result": "UNKNOWN", "price": 0}
{"ts": "2026-04-27T20:45:06.709268+00:00", "symbol": "DOGEUSDT", "side": "BUY", "qty": 150.60565883102325, "result": "UNKNOWN", "price": 0}
{"ts": "2026-04-27T20:45:07.924574+00:00", "symbol": "BNBUSDT", "side": "BUY", "qty": 0.023682533485848905, "result": "UNKNOWN", "price": 0}
{"ts": "2026-04-27T21:00:07.815088+00:00", "symbol": "DOGEUSDT", "side": "BUY", "qty": 150.6824436066075, "result": "UNKNOWN", "price": 0}
{"ts": "2026-04-27T21:00:09.446217+00:00", "symbol": "BNBUSDT", "side": "BUY", "qty": 0.023687088841246432, "result": "UNKNOWN", "price": 0}
{"ts": "2026-04-27T21:00:10.915494+00:00", "symbol": "SUIUSDT", "side": "BUY", "qty": 15.987695817916261, "result": "UNKNOWN", "price": 0}
{"ts": "2026-04-27T21:00:11.851465+00:00", "symbol": "ADAUSDT", "side": "BUY", "qty": 60.16867770561889, "result": "UNKNOWN", "price": 0}
{"ts": "2026-04-27T21:15:07.530009+00:00", "symbol": "DOGEUSDT", "side": "BUY", "qty": 150.867046906585, "result": "UNKNOWN", "price": 0}
{"ts": "2026-04-27T21:15:09.748613+00:00", "symbol": "BNBUSDT", "side": "BUY", "qty": 0.023686329493652625, "result": "UNKNOWN", "price": 0}
{"ts": "2026-04-27T21:15:11.472048+00:00", "symbol": "SUIUSDT", "side": "BUY", "qty": 15.999812954200953, "result": "UNKNOWN", "price": 0}
{"ts": "2026-04-27T21:15:12.778458+00:00", "symbol": "ADAUSDT", "side": "BUY", "qty": 60.19318633197556, "result": "UNKNOWN", "price": 0}
{"ts": "2026-04-27T21:30:07.816047+00:00", "symbol": "DOGEUSDT", "side": "BUY", "qty": 150.65172030278316, "result": "UNKNOWN", "price": 0}
{"ts": "2026-04-27T21:30:09.505368+00:00", "symbol": "BNBUSDT", "side": "BUY", "qty": 0.023673428029380668, "result": "UNKNOWN", "price": 0}
{"ts": "2026-04-27T21:30:11.442813+00:00", "symbol": "SUIUSDT", "side": "BUY", "qty": 15.973870116203653, "result": "UNKNOWN", "price": 0}
{"ts": "2026-04-27T21:30:13.134916+00:00", "symbol": "ADAUSDT", "side": "BUY", "qty": 60.14418902930403, "result": "UNKNOWN", "price": 0}
{"ts": "2026-04-27T21:45:06.159175+00:00", "symbol": "SOLUSDT", "side": "BUY", "qty": 0.17500505974064426, "result": "UNKNOWN", "price": 0}
{"ts": "2026-04-27T21:45:07.656995+00:00", "symbol": "DOGEUSDT", "side": "BUY", "qty": 150.63636334862383, "result": "UNKNOWN", "price": 0}
{"ts": "2026-04-27T21:45:08.982023+00:00", "symbol": "BNBUSDT", "side": "BUY", "qty": 0.02366774067379919, "result": "UNKNOWN", "price": 0}
{"ts": "2026-04-27T21:45:10.119712+00:00", "symbol": "NEARUSDT", "side": "BUY", "qty": 10.889776893515107, "result": "UNKNOWN", "price": 0}
{"ts": "2026-04-27T21:45:11.073643+00:00", "symbol": "SUIUSDT", "side": "BUY", "qty": 15.956621579203109, "result": "UNKNOWN", "price": 0}
{"ts": "2026-04-27T21:45:12.010857+00:00", "symbol": "ADAUSDT", "side": "BUY", "qty": 60.09527142944286, "result": "UNKNOWN", "price": 0}
{"ts": "2026-04-27T22:00:11.342021+00:00", "symbol": "DOGEUSDT", "side": "BUY", "qty": 150.8208536895285, "result": "UNKNOWN", "price": 0}
{"ts": "2026-04-27T22:00:13.082547+00:00", "symbol": "BNBUSDT", "side": "BUY", "qty": 0.0237064686684848, "result": "UNKNOWN", "price": 0}
{"ts": "2026-04-27T22:00:16.568642+00:00", "symbol": "SUIUSDT", "side": "BUY", "qty": 15.99461764747267, "result": "UNKNOWN", "price": 0}
{"ts": "2026-04-27T22:15:05.411559+00:00", "symbol": "ETHUSDT", "side": "BUY", "qty": 0.006454349689455914, "result": "UNKNOWN", "price": 0}
{"ts": "2026-04-27T22:15:07.732006+00:00", "symbol": "DOGEUSDT", "side": "BUY", "qty": 150.42169426404723, "result": "UNKNOWN", "price": 0}
{"ts": "2026-04-27T22:15:09.672516+00:00", "symbol": "BNBUSDT", "side": "BUY", "qty": 0.023682913031876533, "result": "UNKNOWN", "price": 0}
{"ts": "2026-04-27T22:15:11.292109+00:00", "symbol": "NEARUSDT", "side": "BUY", "qty": 10.897807702433628, "result": "UNKNOWN", "price": 0}
{"ts": "2026-04-27T22:15:13.123988+00:00", "symbol": "SUIUSDT", "side": "BUY", "qty": 15.954898774022888, "result": "UNKNOWN", "price": 0}
{"ts": "2026-04-27T22:15:14.671300+00:00", "symbol": "ADAUSDT", "side": "BUY", "qty": 60.09527142944286, "result": "UNKNOWN", "price": 0}
{"ts": "2026-04-27T22:30:05.850109+00:00", "symbol": "ETHUSDT", "side": "BUY", "qty": 0.006446690912640419, "result": "UNKNOWN", "price": 0}
{"ts": "2026-04-27T22:30:07.962093+00:00", "symbol": "XRPUSDT", "side": "BUY", "qty": 10.596176139753334, "result": "UNKNOWN", "price": 0}
{"ts": "2026-04-27T22:30:09.510964+00:00", "symbol": "DOGEUSDT", "side": "BUY", "qty": 150.0398745507158, "result": "UNKNOWN", "price": 0}
{"ts": "2026-04-27T22:30:11.095171+00:00", "symbol": "BNBUSDT", "side": "BUY", "qty": 0.023655995460875972, "result": "UNKNOWN", "price": 0}
{"ts": "2026-04-27T22:30:12.376721+00:00", "symbol": "NEARUSDT", "side": "BUY", "qty": 10.889776893515107, "result": "UNKNOWN", "price": 0}
{"ts": "2026-04-27T22:30:13.802384+00:00", "symbol": "SUIUSDT", "side": "BUY", "qty": 15.929101266034278, "result": "UNKNOWN", "price": 0}
{"ts": "2026-04-27T22:30:15.367757+00:00", "symbol": "ADAUSDT", "side": "BUY", "qty": 59.99767456151036, "result": "UNKNOWN", "price": 0}
{"ts": "2026-04-27T22:45:05.489803+00:00", "symbol": "ETHUSDT", "side": "BUY", "qty": 0.00644205381424648, "result": "UNKNOWN", "price": 0}
{"ts": "2026-04-27T22:45:07.215796+00:00", "symbol": "XRPUSDT", "side": "BUY", "qty": 10.585549602077364, "result": "UNKNOWN", "price": 0}
{"ts": "2026-04-27T22:45:08.679563+00:00", "symbol": "DOGEUSDT", "side": "BUY", "qty": 150.00941269414272, "result": "UNKNOWN", "price": 0}
{"ts": "2026-04-27T22:45:10.107670+00:00", "symbol": "BNBUSDT", "side": "BUY", "qty": 0.0236450185520905, "result": "UNKNOWN", "price": 0}
{"ts": "2026-04-27T22:45:11.312982+00:00", "symbol": "NEARUSDT", "side": "BUY", "qty": 10.87375073178808, "result": "UNKNOWN", "price": 0}
{"ts": "2026-04-27T22:45:12.555484+00:00", "symbol": "SUIUSDT", "side": "BUY", "qty": 15.898254162990856, "result": "UNKNOWN", "price": 0}
{"ts": "2026-04-27T22:45:13.819210+00:00", "symbol": "ADAUSDT", "side": "BUY", "qty": 59.92468468978102, "result": "UNKNOWN", "price": 0}
{"ts": "2026-04-27T23:00:15.060904+00:00", "symbol": "DOGEUSDT", "side": "BUY", "qty": 149.56910166497977, "result": "UNKNOWN", "price": 0}
{"ts": "2026-04-27T23:00:17.092199+00:00", "symbol": "BNBUSDT", "side": "BUY", "qty": 0.023647288800787314, "result": "UNKNOWN", "price": 0}
{"ts": "2026-04-27T23:00:18.625964+00:00", "symbol": "NEARUSDT", "side": "BUY", "qty": 10.881757912002945, "result": "UNKNOWN", "price": 0}
{"ts": "2026-04-27T23:00:20.374838+00:00", "symbol": "SUIUSDT", "side": "BUY", "qty": 15.88629030799828, "result": "UNKNOWN", "price": 0}
{"ts": "2026-04-27T23:00:22.698726+00:00", "symbol": "ADAUSDT", "side": "BUY", "qty": 59.77923642597087, "result": "UNKNOWN", "price": 0}
{"ts": "2026-04-27T23:15:05.636708+00:00", "symbol": "DOGEUSDT", "side": "BUY", "qty": 149.75098545297934, "result": "UNKNOWN", "price": 0}
{"ts": "2026-04-27T23:15:07.093811+00:00", "symbol": "BNBUSDT", "side": "BUY", "qty": 0.02365675286475843, "result": "UNKNOWN", "price": 0}
{"ts": "2026-04-27T23:15:08.984074+00:00", "symbol": "SUIUSDT", "side": "BUY", "qty": 15.901675717744538, "result": "UNKNOWN", "price": 0}
{"ts": "2026-04-27T23:15:10.144946+00:00", "symbol": "ADAUSDT", "side": "BUY", "qty": 59.8276406659919, "result": "UNKNOWN", "price": 0}
{"ts": "2026-04-27T23:30:05.516230+00:00", "symbol": "XRPUSDT", "side": "BUY", "qty": 10.563605150117949, "result": "UNKNOWN", "price": 0}
{"ts": "2026-04-27T23:30:06.603899+00:00", "symbol": "DOGEUSDT", "side": "BUY", "qty": 149.282020855642, "result": "UNKNOWN", "price": 0}
{"ts": "2026-04-27T23:30:08.080674+00:00", "symbol": "BNBUSDT", "side": "BUY", "qty": 0.02361856449006665, "result": "UNKNOWN", "price": 0}
{"ts": "2026-04-27T23:30:08.985660+00:00", "symbol": "NEARUSDT", "side": "BUY", "qty": 10.857771671197648, "result": "UNKNOWN", "price": 0}
{"ts": "2026-04-27T23:30:10.103098+00:00", "symbol": "SUIUSDT", "side": "BUY", "qty": 15.84201033930103, "result": "UNKNOWN", "price": 0}
{"ts": "2026-04-27T23:30:11.189836+00:00", "symbol": "ADAUSDT", "side": "BUY", "qty": 59.68266253836834, "result": "UNKNOWN", "price": 0}
{"ts": "2026-04-27T23:45:03.668819+00:00", "symbol": "BTCUSDT", "side": "BUY", "qty": 0.0001911802590581271, "result": "UNKNOWN", "price": 0}
{"ts": "2026-04-27T23:45:04.836927+00:00", "symbol": "ETHUSDT", "side": "BUY", "qty": 0.006427148008672507, "result": "UNKNOWN", "price": 0}
{"ts": "2026-04-27T23:45:06.244710+00:00", "symbol": "XRPUSDT", "side": "BUY", "qty": 10.556813290827261, "result": "UNKNOWN", "price": 0}
{"ts": "2026-04-27T23:45:07.296991+00:00", "symbol": "DOGEUSDT", "side": "BUY", "qty": 149.35746153729534, "result": "UNKNOWN", "price": 0}
{"ts": "2026-04-27T23:45:08.767390+00:00", "symbol": "BNBUSDT", "side": "BUY", "qty": 0.02359631342333855, "result": "UNKNOWN", "price": 0}
{"ts": "2026-04-27T23:45:09.865169+00:00", "symbol": "NEARUSDT", "side": "BUY", "qty": 10.841839504402055, "result": "UNKNOWN", "price": 0}
{"ts": "2026-04-27T23:45:10.855676+00:00", "symbol": "SUIUSDT", "side": "BUY", "qty": 15.835219936240891, "result": "UNKNOWN", "price": 0}
{"ts": "2026-04-27T23:45:12.136011+00:00", "symbol": "ADAUSDT", "side": "BUY", "qty": 59.63449251210654, "result": "UNKNOWN", "price": 0}
{"ts": "2026-04-28T00:00:05.097348+00:00", "symbol": "BTCUSDT", "side": "BUY", "qty": 0.00019097867043684738, "result": "UNKNOWN", "price": 0}
{"ts": "2026-04-28T00:00:07.988086+00:00", "symbol": "XRPUSDT", "side": "BUY", "qty": 10.549277016347801, "result": "UNKNOWN", "price": 0}
{"ts": "2026-04-28T00:00:12.277755+00:00", "symbol": "NEARUSDT", "side": "BUY", "qty": 10.841839504402055, "result": "UNKNOWN", "price": 0}
{"ts": "2026-04-28T00:00:13.355236+00:00", "symbol": "SUIUSDT", "side": "BUY", "qty": 15.796287808123997, "result": "UNKNOWN", "price": 0}
{"ts": "2026-04-28T00:00:14.467485+00:00", "symbol": "ADAUSDT", "side": "BUY", "qty": 59.56238308948005, "result": "UNKNOWN", "price": 0}
{"ts": "2026-04-28T00:15:04.414729+00:00", "symbol": "BTCUSDT", "side": "BUY", "qty": 0.00019112328983422145, "result": "UNKNOWN", "price": 0}
{"ts": "2026-04-28T00:15:09.020969+00:00", "symbol": "NEARUSDT", "side": "BUY", "qty": 10.857771671197648, "result": "UNKNOWN", "price": 0}
{"ts": "2026-04-28T00:15:10.168586+00:00", "symbol": "SUIUSDT", "side": "BUY", "qty": 15.818269368978806, "result": "UNKNOWN", "price": 0}
{"ts": "2026-04-28T00:15:11.300928+00:00", "symbol": "ADAUSDT", "side": "BUY", "qty": 59.610436645824926, "result": "UNKNOWN", "price": 0}
{"ts": "2026-04-28T00:30:04.233129+00:00", "symbol": "BTCUSDT", "side": "BUY", "qty": 0.0001913100748569488, "result": "UNKNOWN", "price": 0}
{"ts": "2026-04-28T00:30:08.423950+00:00", "symbol": "NEARUSDT", "side": "BUY", "qty": 10.865755326838235, "result": "UNKNOWN", "price": 0}
{"ts": "2026-04-28T00:30:09.502171+00:00", "symbol": "SUIUSDT", "side": "BUY", "qty": 15.86923028833763, "result": "UNKNOWN", "price": 0}
{"ts": "2026-04-28T00:30:10.407604+00:00", "symbol": "ADAUSDT", "side": "BUY", "qty": 59.65856780177634, "result": "UNKNOWN", "price": 0}
{"ts": "2026-04-28T00:45:03.738337+00:00", "symbol": "BTCUSDT", "side": "BUY", "qty": 0.00019094212418489827, "result": "UNKNOWN", "price": 0}
{"ts": "2026-04-28T00:45:08.492017+00:00", "symbol": "NEARUSDT", "side": "BUY", "qty": 10.849799738986784, "result": "UNKNOWN", "price": 0}
{"ts": "2026-04-28T00:45:09.361654+00:00", "symbol": "SUIUSDT", "side": "BUY", "qty": 15.81657630793107, "result": "UNKNOWN", "price": 0}
{"ts": "2026-04-28T00:45:10.416357+00:00", "symbol": "ADAUSDT", "side": "BUY", "qty": 59.586400179435486, "result": "UNKNOWN", "price": 0}
{"ts": "2026-04-28T01:00:07.516531+00:00", "symbol": "NEARUSDT", "side": "BUY", "qty": 10.865755326838235, "result": "UNKNOWN", "price": 0}
{"ts": "2026-04-28T01:00:08.490646+00:00", "symbol": "SUIUSDT", "side": "BUY", "qty": 15.823350727593962, "result": "UNKNOWN", "price": 0}
{"ts": "2026-04-28T01:15:07.194929+00:00", "symbol": "NEARUSDT", "side": "BUY", "qty": 10.857771671197648, "result": "UNKNOWN", "price": 0}
{"ts": "2026-04-28T01:15:08.142426+00:00", "symbol": "SUIUSDT", "side": "BUY", "qty": 15.806425547652156, "result": "UNKNOWN", "price": 0}
{"ts": "2026-04-28T01:30:05.778207+00:00", "symbol": "NEARUSDT", "side": "BUY", "qty": 10.857771671197648, "result": "UNKNOWN", "price": 0}
{"ts": "2026-04-28T01:30:06.639092+00:00", "symbol": "SUIUSDT", "side": "BUY", "qty": 15.806425547652156, "result": "UNKNOWN", "price": 0}
{"ts": "2026-04-28T01:45:05.067214+00:00", "symbol": "NEARUSDT", "side": "BUY", "qty": 10.87375073178808, "result": "UNKNOWN", "price": 0}
{"ts": "2026-04-28T01:45:06.069665+00:00", "symbol": "SUIUSDT", "side": "BUY", "qty": 15.83013095286556, "result": "UNKNOWN", "price": 0}
{"ts": "2026-04-28T02:00:06.754978+00:00", "symbol": "NEARUSDT", "side": "BUY", "qty": 10.865755326838235, "result": "UNKNOWN", "price": 0}
{"ts": "2026-04-28T02:00:07.771687+00:00", "symbol": "SUIUSDT", "side": "BUY", "qty": 15.831826917184486, "result": "UNKNOWN", "price": 0}
{"ts": "2026-04-28T02:15:06.275195+00:00", "symbol": "NEARUSDT", "side": "BUY", "qty": 10.865755326838235, "result": "UNKNOWN", "price": 0}
{"ts": "2026-04-28T02:15:07.264372+00:00", "symbol": "SUIUSDT", "side": "BUY", "qty": 15.845407725176925, "result": "UNKNOWN", "price": 0}
{"ts": "2026-04-28T02:30:06.466235+00:00", "symbol": "SUIUSDT", "side": "BUY", "qty": 15.879461900386847, "result": "UNKNOWN", "price": 0}
{"ts": "2026-04-28T02:45:06.141500+00:00", "symbol": "SUIUSDT", "side": "BUY", "qty": 15.960068305972568, "result": "UNKNOWN", "price": 0}
{"ts": "2026-04-28T03:00:07.766598+00:00", "symbol": "SUIUSDT", "side": "BUY", "qty": 15.911949224184344, "result": "UNKNOWN", "price": 0}
{"ts": "2026-04-28T03:05:07.725725+00:00", "symbol": "SUIUSDT", "side": "BUY", "qty": 15.917090957022834, "result": "UNKNOWN", "price": 0}
{"ts": "2026-04-28T03:05:45.205760+00:00", "symbol": "SUIUSDT", "side": "BUY", "qty": 15.925667900096995, "result": "UNKNOWN", "price": 0}
{"ts": "2026-04-28T03:07:00.385517+00:00", "symbol": "SUIUSDT", "side": "BUY", "qty": 15.927384398038372, "result": "UNKNOWN", "price": 0}
{"ts": "2026-04-28T03:07:46.414764+00:00", "symbol": "SUIUSDT", "side": "BUY", "qty": 15.941129713592233, "result": "UNKNOWN", "price": 0}
{"ts": "2026-04-28T03:09:35.689351+00:00", "symbol": "SUIUSDT", "side": "BUY", "qty": 15.929101266034278, "result": "UNKNOWN", "price": 0}
{"ts": "2026-04-28T03:11:33.467316+00:00", "symbol": "SUIUSDT", "side": "BUY", "qty": 15.915376676898223, "result": "UNKNOWN", "price": 0}
{"ts": "2026-04-28T03:15:06.526582+00:00", "symbol": "NEARUSDT", "side": "BUY", "qty": 10.881757912002945, "result": "UNKNOWN", "price": 0}
{"ts": "2026-04-28T03:15:07.472162+00:00", "symbol": "SUIUSDT", "side": "BUY", "qty": 15.915376676898223, "result": "UNKNOWN", "price": 0}
{"ts": "2026-04-28T03:18:26.343078+00:00", "symbol": "SUIUSDT", "side": "BUY", "qty": 15.915376676898223, "result": "FILLED", "price": 0.9286}
{"ts": "2026-04-28T03:43:37.524339+00:00", "symbol": "NEARUSDT", "side": "BUY", "qty": 9.2, "result": "UNKNOWN", "price": 0}
{"ts": "2026-04-28T03:43:38.642809+00:00", "symbol": "SUIUSDT", "side": "BUY", "qty": 13.5, "result": "FILLED", "price": 0.929}
{"ts": "2026-04-28T03:44:15.832448+00:00", "symbol": "NEARUSDT", "side": "BUY", "qty": 7.8, "result": "UNKNOWN", "price": 0}
{"ts": "2026-04-28T03:44:17.041797+00:00", "symbol": "SUIUSDT", "side": "BUY", "qty": 11.4, "result": "FILLED", "price": 0.929}
{"ts": "2026-04-28T03:56:35.425661+00:00", "symbol": "NEARUSDT", "side": "BUY", "qty": 6.6, "result": "FILLED", "price": 1.36}
{"ts": "2026-04-28T03:56:37.418857+00:00", "symbol": "SUIUSDT", "side": "BUY", "qty": 8.3, "result": "FILLED", "price": 0.93}
{"ts": "2026-04-28T04:00:12.915514+00:00", "symbol": "NEARUSDT", "side": "BUY", "qty": 4.8, "result": "FILLED", "price": 1.36}
{"ts": "2026-04-28T04:00:14.809026+00:00", "symbol": "SUIUSDT", "side": "BUY", "qty": 6.0, "result": "FILLED", "price": 0.9302}
{"ts": "2026-04-28T05:00:14.487992+00:00", "symbol": "NEARUSDT", "side": "SELL", "qty": 16.1, "result": "UNKNOWN", "price": 0}
{"ts": "2026-04-28T06:43:45.291446+00:00", "symbol": "DOGEUSDT", "side": "BUY", "qty": 62.0, "result": "FILLED", "price": 0.09933}
{"ts": "2026-04-28T06:43:49.487906+00:00", "symbol": "SUIUSDT", "side": "SELL", "qty": 61.0, "result": "FILLED", "price": 0.9255}
{"ts": "2026-04-28T08:05:46.096464+00:00", "symbol": "DOGEUSDT", "side": "BUY", "qty": 118.0, "result": "FILLED", "price": 0.09943}
{"ts": "2026-04-28T08:30:08.184719+00:00", "symbol": "DOGEUSDT", "side": "SELL", "qty": 1.0, "result": "UNKNOWN", "price": 0}
{"ts": "2026-04-28T08:45:06.005808+00:00", "symbol": "DOGEUSDT", "side": "BUY", "qty": 147.0, "result": "FILLED", "price": 0.09971}
{"ts": "2026-04-28T19:45:09.633720+00:00", "symbol": "TRUMPUSDT", "side": "BUY", "qty": 4.118, "result": "FILLED", "price": 2.511}
{"ts": "2026-04-28T20:15:06.975340+00:00", "symbol": "TRUMPUSDT", "side": "SELL", "qty": 8.227, "result": "UNKNOWN", "price": 0}
{"ts": "2026-04-28T21:15:08.009870+00:00", "symbol": "TRUMPUSDT", "side": "BUY", "qty": 4.128, "result": "FILLED", "price": 2.508}
{"ts": "2026-04-28T23:45:08.287171+00:00", "symbol": "DOGEUSDT", "side": "SELL", "qty": 293.0, "result": "UNKNOWN", "price": 0}
{"ts": "2026-04-29T03:45:12.001163+00:00", "symbol": "ADAUSDT", "side": "BUY", "qty": 46.5, "result": "FILLED", "price": 0.2493}
{"ts": "2026-04-29T04:45:10.481650+00:00", "symbol": "DOGEUSDT", "side": "BUY", "qty": 79.0, "result": "FILLED", "price": 0.10235}
{"ts": "2026-04-29T04:45:14.442770+00:00", "symbol": "NEARUSDT", "side": "BUY", "qty": 5.0, "result": "FILLED", "price": 1.372}
{"ts": "2026-04-29T10:00:08.029001+00:00", "symbol": "DOGEUSDT", "side": "SELL", "qty": 1.0, "result": "UNKNOWN", "price": 0}
{"ts": "2026-04-29T10:30:11.914199+00:00", "symbol": "DOGEUSDT", "side": "BUY", "qty": 56.0, "result": "FILLED", "price": 0.10992}
{"ts": "2026-04-29T11:30:11.320638+00:00", "symbol": "TRUMPUSDT", "side": "SELL", "qty": 8.248, "result": "UNKNOWN", "price": 0}
{"ts": "2026-04-29T12:45:04.730180+00:00", "symbol": "DOGEUSDT", "side": "SELL", "qty": 134.0, "result": "FILLED", "price": 0.10707}
{"ts": "2026-04-29T15:15:04.828145+00:00", "symbol": "NEARUSDT", "side": "SELL", "qty": 9.9, "result": "FILLED", "price": 1.329}
{"ts": "2026-04-29T16:00:14.718956+00:00", "symbol": "SOLUSDT", "side": "BUY", "qty": 0.09, "result": "FILLED", "price": 83.2}
{"ts": "2026-04-29T16:15:08.666192+00:00", "symbol": "ETHUSDT", "side": "BUY", "qty": 0.0026, "result": "FILLED", "price": 2276.69}
{"ts": "2026-04-29T16:15:14.733399+00:00", "symbol": "XRPUSDT", "side": "BUY", "qty": 3.9, "result": "FILLED", "price": 1.3658}
{"ts": "2026-04-29T16:30:09.409803+00:00", "symbol": "NEARUSDT", "side": "SELL", "qty": 0.1, "result": "UNKNOWN", "price": 0}
{"ts": "2026-04-29T16:30:09.643392+00:00", "symbol": "DOGEUSDT", "side": "SELL", "qty": 1.0, "result": "UNKNOWN", "price": 0}
{"ts": "2026-04-29T16:30:09.868293+00:00", "symbol": "TRUMPUSDT", "side": "SELL", "qty": 0.001, "result": "UNKNOWN", "price": 0}
{"ts": "2026-04-29T18:15:06.097988+00:00", "symbol": "ADAUSDT", "side": "SELL", "qty": 0.1, "result": "UNKNOWN", "price": 0}
{"ts": "2026-04-29T18:45:05.478065+00:00", "symbol": "ETHUSDT", "side": "SELL", "qty": 0.0051, "result": "FILLED", "price": 2223.27}
{"ts": "2026-04-29T20:30:20.180101+00:00", "symbol": "BNBUSDT", "side": "BUY", "qty": 0.011, "result": "FILLED", "price": 615.19}
{"ts": "2026-04-29T21:00:25.142852+00:00", "symbol": "SUIUSDT", "side": "BUY", "qty": 9.5, "result": "FILLED", "price": 0.9014}
{"ts": "2026-04-30T02:44:55.826544+00:00", "symbol": "SOLUSDT", "side": "SELL", "qty": 0.179, "result": "FILLED", "price": 82.89}
{"ts": "2026-04-30T02:44:56.122237+00:00", "symbol": "BNBUSDT", "side": "SELL", "qty": 0.021, "result": "FILLED", "price": 616.69}
{"ts": "2026-04-30T02:44:56.425026+00:00", "symbol": "SUIUSDT", "side": "SELL", "qty": 9.4, "result": "FILLED", "price": 0.907}
{"ts": "2026-04-30T02:44:56.722798+00:00", "symbol": "XRPUSDT", "side": "SELL", "qty": 7.7, "result": "FILLED", "price": 1.3696}
{"ts": "2026-04-30T04:45:10.130462+00:00", "symbol": "SOLUSDT", "side": "BUY", "qty": 0.07, "result": "FILLED", "price": 82.42}
{"ts": "2026-04-30T09:30:11.662250+00:00", "symbol": "SOLUSDT", "side": "BUY", "qty": 0.074, "result": "FILLED", "price": 83.35}
{"ts": "2026-04-30T11:00:12.736847+00:00", "symbol": "SOLUSDT", "side": "BUY", "qty": 0.081, "result": "FILLED", "price": 83.02}
{"ts": "2026-04-30T14:15:07.922480+00:00", "symbol": "SOLUSDT", "side": "SELL", "qty": 0.081, "result": "FILLED", "price": 83.14}
{"ts": "2026-05-01T00:00:12.434815+00:00", "symbol": "NEARUSDT", "side": "BUY", "qty": 7.8, "result": "FILLED", "price": 1.301}
{"ts": "2026-05-01T03:30:12.648084+00:00", "symbol": "BTCUSDT", "side": "BUY", "qty": 1e-05, "result": "UNKNOWN", "price": 0}
{"ts": "2026-05-01T03:45:08.723995+00:00", "symbol": "BTCUSDT", "side": "BUY", "qty": 1e-05, "result": "UNKNOWN", "price": 0}
{"ts": "2026-05-01T04:30:12.303292+00:00", "symbol": "BTCUSDT", "side": "BUY", "qty": 1e-05, "result": "UNKNOWN", "price": 0}
{"ts": "2026-05-01T04:45:08.625783+00:00", "symbol": "BTCUSDT", "side": "BUY", "qty": 1e-05, "result": "UNKNOWN", "price": 0}
{"ts": "2026-05-01T05:00:10.894628+00:00", "symbol": "NEARUSDT", "side": "SELL", "qty": 15.5, "result": "UNKNOWN", "price": 0}
{"ts": "2026-05-01T12:45:09.653766+00:00", "symbol": "BTCUSDT", "side": "BUY", "qty": 1e-05, "result": "UNKNOWN", "price": 0}
{"ts": "2026-05-01T13:15:12.690754+00:00", "symbol": "SUIUSDT", "side": "BUY", "qty": 15.7, "result": "FILLED", "price": 0.9218}
{"ts": "2026-05-01T13:45:08.525637+00:00", "symbol": "BTCUSDT", "side": "BUY", "qty": 1e-05, "result": "UNKNOWN", "price": 0}
{"ts": "2026-05-01T13:45:15.740928+00:00", "symbol": "BNBUSDT", "side": "BUY", "qty": 0.013, "result": "FILLED", "price": 620.43}
{"ts": "2026-05-01T14:30:13.258091+00:00", "symbol": "BTCUSDT", "side": "BUY", "qty": 1e-05, "result": "UNKNOWN", "price": 0}
{"ts": "2026-05-01T14:45:08.721827+00:00", "symbol": "BTCUSDT", "side": "BUY", "qty": 1e-05, "result": "UNKNOWN", "price": 0}
{"ts": "2026-05-02T15:45:14.877127+00:00", "symbol": "SUIUSDT", "side": "BUY", "qty": 13.0, "result": "FILLED", "price": 0.9264}
{"ts": "2026-05-02T21:45:11.775580+00:00", "symbol": "BTCUSDT", "side": "BUY", "qty": 1e-05, "result": "UNKNOWN", "price": 0}
{"ts": "2026-05-03T20:45:10.853978+00:00", "symbol": "BTCUSDT", "side": "BUY", "qty": 1e-05, "result": "UNKNOWN", "price": 0}
{"ts": "2026-05-03T22:15:09.523382+00:00", "symbol": "BTCUSDT", "side": "BUY", "qty": 1e-05, "result": "UNKNOWN", "price": 0}
{"ts": "2026-05-03T22:30:10.644479+00:00", "symbol": "BTCUSDT", "side": "BUY", "qty": 1e-05, "result": "UNKNOWN", "price": 0}
{"ts": "2026-05-03T22:45:09.655904+00:00", "symbol": "BTCUSDT", "side": "BUY", "qty": 1e-05, "result": "UNKNOWN", "price": 0}
{"ts": "2026-05-04T02:15:10.759015+00:00", "symbol": "BTCUSDT", "side": "BUY", "qty": 1e-05, "result": "UNKNOWN", "price": 0}
{"ts": "2026-05-04T02:30:09.969219+00:00", "symbol": "BTCUSDT", "side": "BUY", "qty": 1e-05, "result": "UNKNOWN", "price": 0}
{"ts": "2026-05-04T02:45:09.546965+00:00", "symbol": "BTCUSDT", "side": "BUY", "qty": 1e-05, "result": "UNKNOWN", "price": 0}
{"ts": "2026-05-04T02:45:15.354009+00:00", "symbol": "XRPUSDT", "side": "BUY", "qty": 4.0, "result": "FILLED", "price": 1.4116}
{"ts": "2026-05-04T03:30:15.779732+00:00", "symbol": "SUIUSDT", "side": "BUY", "qty": 11.1, "result": "FILLED", "price": 0.9371}
{"ts": "2026-05-04T03:45:09.744730+00:00", "symbol": "BTCUSDT", "side": "BUY", "qty": 1e-05, "result": "UNKNOWN", "price": 0}
{"ts": "2026-05-04T04:30:12.749194+00:00", "symbol": "BTCUSDT", "side": "BUY", "qty": 1e-05, "result": "UNKNOWN", "price": 0}
{"ts": "2026-05-04T04:45:11.341701+00:00", "symbol": "BTCUSDT", "side": "BUY", "qty": 1e-05, "result": "UNKNOWN", "price": 0}
{"ts": "2026-05-04T08:00:18.775829+00:00", "symbol": "NEARUSDT", "side": "BUY", "qty": 4.8, "result": "FILLED", "price": 1.284}
{"ts": "2026-05-04T22:15:12.930895+00:00", "symbol": "NEARUSDT", "side": "SELL", "qty": 4.8, "result": "FILLED", "price": 1.286}
